{1:F21ATLDTNTTAXXX8853742244}{4:{177:2501270845}{451:0}}{1:F01ATLDTNTTAXXX8853742244}{2:O9500916250127LAFBLYLTAXXX09764048312501270846N}{3:{108:EN2199684}}{4:
:20:20250126-4462
:25:0000031305
:28C:4462/1
:60F:C250125EUR1225714,35
:61:2501270126CR50980,32NTRFFRD 102/25//FT2502636606    
Outward Telex Payment
:61:2501270126CR9930,00NTRF813257017334//FT2502636605    
Outward Telex Payment
:61:2501270126CR1808,00NTRFFT2502631625//FT2502631625    
Outward Telex Payment
:61:2501230126DR69821,50FCHGTRA2025270//FT2502631400    
Inward Telex Payment
:61:2501270126CR5600,00NTRFFT2502631720//FT2502631720    
Outward Telex Payment
:62F:C250126EUR1224211,17
:64:C250126EUR1155892,85
-}{5:{CHK:260515BD3A79}}{S:{COP:S}}