{1:F21ATLDTNTTAXXX7816585622}{4:{177:2102101124}{451:0}}{1:F01ATLDTNTTAXXX7816585622}{2:O9501129210210BCTNTNTTAXXX94944968792102101129N}{4:
:20:R1209919230S1002
:25:4027 026 840
:28C:02525/001
:60F:C210208USD5830184,78
:61:210209C8800,00NMSCCOM20210001749  //L211090221477114
VRSW ORDRE 005 REF: COM20210001749
:61:210209C6000250,00NMSCSDM3438467      //L211090221477129
VRSW ORDRE 014 REF: SDM3438467
:61:210209D80240,00NMSCTRD2021159      //L211090221477131
VRSW FAVEUR 032 REF: TRD2021159
:61:210209D4971,49NMSCTRA2021400      //L211090221477134
VRSW FAVEUR 005 REF: TRA2021400
:61:210209D154621,63NMSCTRDIMP202149    //L211090221477135
VRSW FAVEUR 001 REF: TRDIMP202149
:61:210208C10000000,00NMSCNON-REFERENCE   //L211090221479186
NIVL. 003 / 840 VAL 08/02/2021
:61:210208D5600000,00NMSCNON-REFERENCE   //L221090221479294
V/ DEPOT E. 09/02/2021 0.055
:61:210209C5600008,56NMSCNON-REFERENCE   //L221090221479294
REMB./ DEPOT E. 09/02/2021 0.055
:61:210209C29600,00NMSCFT21036663933204//L211090221479798
VRSW ORDRE 008 REF: FT210366639332
:61:210209D6500000,00NMSCMM2104012494    //L211090221479827
VRSW FAVEUR 014 REF: MM2104012494
:61:210209C1250,00NMSCMMDEV6206401    //L211090221479876
VRSW ORDRE 004 REF: MMDEV6206401
:62F:C210209USD15130260,22
-}{5:{CHK:EFB14735B801}}{S:{COP:S}}${1:F21ATLDTNTTAXXX7816585623}{4:{177:2102101124}{451:0}}{1:F01ATLDTNTTAXXX7816585623}{2:O9501129210210BCTNTNTTAXXX94944968802102101129N}{4:
:20:R1209919240S1002
:25:4027 026 978
:28C:02484/001
:60F:C210208EUR4035412,68
:61:210209D104972,48NMSCTRDIMP202145    //L211090221477132
VRSW FAVEUR 005 REF: TRDIMP202145
:61:210209D9970,99NMSCTRA2021406      //L211090221477133
VRSW FAVEUR 032 REF: TRA2021406
:61:210209D183600,00NMSCTRDIMP202148    //L211090221477136
VRSW FAVEUR 014 REF: TRDIMP202148
:61:210209C120000,00NMSCNON-REFERENCE   //KE02090221478983
VERSEMENTS B.B.E 120000 EUR SUCCUR
:61:210209D240,00NMSCNON-REFERENCE   //KE02090221478983
COM./VERS.BBE EUR
:61:210209C6240,36NMSCLGD30/2009      //L211090221479770
VRSW ORDRE 003 REF: LGD30/2009
:61:210209C677,78NMSCLGD31/2009      //L211090221479771
VRSW ORDRE 003 REF: LGD31/2009
:61:210209C6202,18NMSCLGD33/2009      //L211090221479772
VRSW ORDRE 003 REF: LGD33/2009
:62F:C210209EUR3869749,53
-}{5:{CHK:9165CF28FBDF}}{S:{COP:S}}