{1:F21ATLDTNTTAXXX8855742868}{4:{177:2501291649}{451:0}}{1:F01ATLDTNTTAXXX8855742868}{2:O9501650250129BCTNTNTTAVGM05474342712501291650N}{3:{113:0040}}{4:
:20:R4165576/SM
:25:00038000401202600002
:28C:3/8
:60M:C250129TND94733355,392
:61:2501290129DD15003329,167FBOEMM2502822522//1048054D
ATLDTNTT/VBB
:61:2501290129DD15003329,167FBOEMM2502822533//1048092D
ATLDTNTT/VBB
:61:2501290129DD10002219,444FBOEMM2502822521//1048093D
ATLDTNTT/VBB
:61:2501290129CD4375,14FBOETN2BBTN250290006//1048213C
CITITNTXONS/VBB
:61:2501290129CD12002663,333FBOEVGM0000000145244//1048224C
CFCTTNTT/VBB
:61:2501290129CD220000,FBOETN2CWL1250290002//1048242C
CITITNTXONS/VBP
:61:2501290129CD147831,925FBOE290125147//1048345C
BNTETNTT/VBP
:62M:C250129TND67099348,012
-}{5:{CHK:7364545F674C}}{S:{COP:S}}