{1:F21ATLDTNTTAXXX8853742235}{4:{177:2501270845}{451:0}}{1:F01ATLDTNTTAXXX8853742235}{2:O9500719250127BCTNTNTTAXXX05454231192501270846N}{4:
:20:R1209963060S2701
:25:4027 026 840
:28C:03519/002
:60M:D250124USD848454,96
:61:250124C12773,30NMSCFT25022P7NVM    //L211240125200434
VRSW ORDRE 032 REF: FT25022P7NVM
:61:250124C3000000,00NMSCNON-REFERENCE   //L211240125201002
NIVL. 003 / 840 VAL 24/01/2025
:62F:C250124USD2164318,34
-}{5:{CHK:2A07F643BF73}}{S:{COP:S}}