{1:F21ATLDTNTTAXXX8855742642}{4:{177:2501290802}{451:0}}{1:F01ATLDTNTTAXXX8855742642}{2:O9501859250128POSOIT22AXXX94549288732501290803N}{4:
:20:250128ATLDTN.CED
:25:CED0740621830
:28C:377/1
:60F:C250127EUR2532620,01
:61:2501280128C9654,S103111015929515//074VTP8140518VTP
:62F:C250128EUR2542274,01
:64:C250128EUR2542274,01
-}{5:{CHK:B9C06E1EE91F}{DLM:}}{S:{COP:S}}