{1:F21ATLDTNTTAXXX8853742231}{4:{177:2501270845}{451:0}}{1:F01ATLDTNTTAXXX8853742231}{2:O9500700250127UBAIITRRAXXX92228849412501270846N}{4:
:20:LORO20250124
:25:LOR/000028750291
:28C:16/1
:60F:C250123USD2315978,7
:61:2501240122C88714,5NMSC250122CA937180//250122CA937180
:61:2501240123D312555,NMSC250122CA937243//250122CA937243
:61:2501240124C178220,98NMSC074VTP8128377//5369200021JO
:61:2501240124C115583,63NMSCCEX2024681-02//250124GIC37356
:61:2501240124C92922,NMSCCEX2024753//250124GIC37361
:61:2501240124C25,24NMSCG1450240198601//G1450240198601
:62F:C250124USD2478890,05
-}{5:{CHK:169FF0A9EB35}{DLM:}}{S:{COP:S}}