{1:F21ATLDTNTTAXXX8855742660}{4:{177:2501290802}{451:0}}{1:F01ATLDTNTTAXXX8855742660}{2:O9500803250129BMCEESMMAXXX72459197132501290803N}{3:{108:E001738133561122}}{4:
:20:EXT8888000268537
:25:ES1002198601040096601316
:28C:00019/00001
:60F:C250128EUR4075399,00
:61:2501270128C1202,18S103A075325127G7N9T2//OAR8888001099126
:61:2501270128C639,12S103A075325127G7NERD//OAR8888001099124
:61:2501270128C1588,50S103A075325127G7N9VE//OAR8888001099127
:61:2501270128C1918,60S103A075325127G7N9US//OAR8888001099120
:61:2501270128C499,23S103A075325127G7N9UR//OAR8888001099121
:61:2501270128C1016,88S103A075325127G7N9V4//OAR8888001099115
:61:2501270128C941,41S103A075325127G7N9SU//OAR8888001099122
:61:2501270128C1469,27S103A075325127G7N9UX//OAR8888001099118
:61:2501270128C3357,86S103A075325127G7N9SY//OAR8888001099125
:61:2501270128C1222,64S103A075325127G7N9UP//OAR8888001099123
:61:2501270128C611,39S103A075325127G7N9UY//OAR8888001099119
:61:2501270128C263,78S103A075325127G7NF41//OAR8888001099164
:61:2501270128C283,55S103A075325127G7NES1//OAR8888001099165
:61:2501270128C1840,74S103A075325127G7N9TN//OAR8888001099163
:61:2501270128C980,06S103A075325127G7N9U0//OAR8888001099166
:61:2501270128C1471,20S103A075325127G7N9TH//OAR8888001099168
:61:2501270128C272,28S103A075325127G7N9U5//OAR8888001099170
:61:2501270128C1309,97S103A075325127G7N9UT//OAR8888001099169
:61:2501270128C1144,53S103A075325127G7N9UQ//OAR8888001099171
:62M:C250128EUR4097432,19
-}{5:{CHK:58342190E95E}}{S:{COP:S}}