{1:F21ATLDTNTTAXXX8853742236}{4:{177:2501270845}{451:0}}{1:F01ATLDTNTTAXXX8853742236}{2:O9500719250127BCTNTNTTAXXX05454231202501270846N}{4:
:20:R1209963070S2701
:25:4027 026 978
:28C:03480/001
:60F:C250123EUR65035049,23
:61:250124D9216,00NMSCTRD2025136      //L211240125197268
VRSW FAVEUR 005 REF: TRD2025136
:61:250124D35,00NMSCTRA2025117      //L211240125197272
VRSW FAVEUR 014 REF: TRA2025117
:61:250124D81600,00NMSCTRD2025143      //L211240125197274
VRSW FAVEUR 004 REF: TRD2025143
:61:250124D42000,00NMSCTRD2025147      //L211240125197275
VRSW FAVEUR 007 REF: TRD2025147
:61:250124D700000,00NMSCNON-REFERENCE   //KA22240125197539
RETRAIT BBE 700000 EUR CHQ NU 7910
:61:250124D1400,00NMSCNON-REFERENCE   //KA22240125197539
COM./RETRAIT BBE CHQ NU 7910852 EU
:61:250124C64505249,58NMSCNON-REFERENCE   //L221240125197847
REMB./ DEPOT E. 24/01/2025 2.93
:61:250123D64500000,00NMSCNON-REFERENCE   //L221240125197847
V/ DEPOT E. 24/01/2025 2.93
:61:250124D120878,22NMSCCEX2023580-21   //L211240125200468
VRSW FAVEUR 005 REF: CEX2023580-21
:61:250124D120835,48NMSCCEX2023580-19   //L211240125200469
VRSW FAVEUR 005 REF: CEX2023580-19
:61:250124D120878,22NMSCCEX2023580-20   //L211240125200470
VRSW FAVEUR 005 REF: CEX2023580-20
:62F:C250124EUR63843455,89
-}{5:{CHK:4A45111E6556}}{S:{COP:S}}