{1:F21ATLDTNTTAXXX7817585689}{4:{177:2102110743}{451:0}}{1:F01ATLDTNTTAXXX7817585689}{2:O9501739210210BCTNTNTTAVGM94944985772102110748N}{3:{113:RTGS}{108:10057967}}{4:
:20:10057967
:25:00038000401202600002
:28C:1/2
:60F:C210210TND26873,812
:61:2102100210DD4800000,000FBOEMM2104112505//10057287
ATLDTNTT/VBB/S/4/0
:61:2102100210CD196475,692FBOESE10210210151926//10057139
BCTNTNTTVGM/DCSB2/I/1/0
:61:2102100210CD250000,000FBOESP0121021019020G//10057062
BCTNTNTTVGM/TLOR/S/2/0
:61:2102100210CD2673,430FBOETN2BBTN210410006//10056981
CITITNTXONS/VBB/S/4/0
:61:2102100210CD27226,640FBOETN2BBTN210410005//10056974
CITITNTXONS/VBB/S/4/0
:61:2102100210DD8000000,000FBOEMM2104112502//10056728
ATLDTNTT/VBB/S/4/0
:61:2102100210DD6000000,000FBOEMM2104112501//10056685
ATLDTNTT/VBB/S/4/0
:61:2102100210DD750000,000FBOEMM2104112500//10056677
ATLDTNTT/VBB/S/4/0
:61:2102100210DD9349,394FBOESE94210210150626//10056582
BCTNTNTTVGM/DDSMT/I/1/0
:61:2102100210CD7001211,389FBOE10022141//10056513
BNTETNTT/VBB/S/4/0
:61:2102100210CD385,546FBOESE05210210151526//10056317
BCTNTNTTVGM/DCCDC/I/1/0
:61:2102100210DD5920,000FBOESE01210210151626//10056286
BCTNTNTTVGM/DDCDC/I/1/0
:61:2102100210DD8575,000FBOEMC0121021018440G//10055773
BCTNTNTTVGM/RILMM/S/2/0
:61:2102100210DD7000000,000FBOEMC0121021018220G//10055586
BCTNTNTTVGM/RILMM/S/2/0
:61:2102100210CD4000692,222FBOE003100221RE//10055463
TSIDTNTT/VBB/S/4/0
:61:2102100210DD1925889,553FBOESE30210210150426//10055280
BCTNTNTTVGM/DDSIB/I/1/0
:61:2102100210CD7000000,000FBOEMC0121021018030G//10055139
BCTNTNTTVGM/ILMM/S/2/0
:62M:D210210TND9994195,216
-}{5:{CHK:6DB8032A145B}{DLM:}}{S:{COP:S}}${1:F21ATLDTNTTAXXX7817585690}{4:{177:2102110743}{451:0}}{1:F01ATLDTNTTAXXX7817585690}{2:O9501739210210BCTNTNTTAVGM94944985782102110748N}{3:{113:RTGS}{108:10057968}}{4:
:20:10057968
:25:00038000401202600002
:28C:2/2
:60M:D210210TND9994195,216
:61:2102100210DD1149,885FBOESE40210210150526//10055107
BCTNTNTTVGM/DDSIB/I/1/0
:61:2102100210CD10001730,556FBOEVGM0000000112467//10054953
CFCTTNTT/VBB/S/4/0
:61:2102100210CD120000,000FBOEFT21041249573628//10054713
BIATTNTTVGM/VBP/S/5/0
:61:2102100210DD17651,496FBOESE20210210150326//10054563
BCTNTNTTVGM/DDSIB/I/1/0
:61:2102100210DD15000,000FBOESE10210210150226//10054530
BCTNTNTTVGM/DDSIB/I/1/0
:61:2102100210CD14000,000FBOESP0121021017740G//10054388
BCTNTNTTVGM/VTCB4/S/2/0
:62F:C210210TND107733,959
:64:C210210TND107733,959
-}{5:{CHK:90F1C38298AD}{DLM:}}{S:{COP:S}}${1:F21ATLDTNTTAXXX7817585694}{4:{177:2102110743}{451:0}}{1:F01ATLDTNTTAXXX7817585694}{2:O9501957210210BACMGB2LAXXX09345076602102110748N}{3:{108:210423S1NN57899}}{4:
:20:20210210-554
:25:00109476
:28C:554/1
:60F:C210209USD1499187,10
:61:2102100210CD184,75FCHGNONREF//FT21040PRM79    
Outward Remittance
:61:2102100210CD51,60FCHGNONREF//FT21040DY7ZF    
Outward Remittance
:61:2102100210CD2810,70FCHGNONREF//FT21039VS19N    
Outward Remittance
:62F:C210210USD1502234,15
:64:C210210USD1502234,15
-}{5:{CHK:3AADFD5031DA}{DLM:}}{S:{COP:S}}${1:F21ATLDTNTTAXXX7817585697}{4:{177:2102110743}{451:0}}{1:F01ATLDTNTTAXXX7817585697}{2:O9500700210211UBAIITRRAXXX81485222292102110748N}{4:
:20:LORO20210210
:25:LOR/000028750248
:28C:23/1
:60F:C210209EUR1957978,14
:61:2102100208C500000,NMSC210208CA970700//210208CA970700
:61:2102100208D500000,NMSC210208CA970705//210208CA970705
:61:2102100208D500000,NMSC210208CA970708//210208CA970708
:62F:C210210EUR1457978,14
-}{5:{CHK:CA1A6560EC62}}{S:{COP:S}}${1:F21ATLDTNTTAXXX7817585698}{4:{177:2102110743}{451:0}}{1:F01ATLDTNTTAXXX7817585698}{2:O9500700210211UBAIITRRAXXX81485222302102110748N}{4:
:20:LORO20210210
:25:LOR/000028750291
:28C:26/1
:60F:C210209USD2607623,22
:61:2102100208D602290,NMSC210208CA970700//210208CA970700
:61:2102100208C601250,NMSC210208CA970705//210208CA970705
:61:2102100208C601305,NMSC210208CA970708//210208CA970708
:62F:C210210USD3207888,22
-}{5:{CHK:488F727B1C49}}{S:{COP:S}}${1:F21ATLDTNTTAXXX7817585699}{4:{177:2102110743}{451:0}}{1:F01ATLDTNTTAXXX7817585699}{2:O9500702210211UTUBFRPPAPYR77803731712102110748N}{3:{108:1940118006.26}}{4:
:20:20210210-2177
:25:16129002535
:28C:2177/1
:60F:C210209EUR286376,85
:62F:C210210EUR286376,85
:64:C210210EUR286376,85
-}{5:{CHK:33A251F602C3}}{S:{COP:S}}${1:F21ATLDTNTTAXXX7817585700}{4:{177:2102110743}{451:0}}{1:F01ATLDTNTTAXXX7817585700}{2:O9500716210211BCTNTNTTAXXX94954986212102110748N}{4:
:20:R1209919650S1102
:25:4010 026 000 N
:28C:02528/001
:60F:C210209TND902689,458
:61:210210D5,000NMSCNON-REFERENCE   //F121100221482580
RECUP. FRAIS 1 EXTRAIT SWIFT DU 10
:61:210210D10,000NMSCNON-REFERENCE   //F121100221482610
RECUP. FRAIS 2 EXTRAIT SWIFT DU 10
:61:210210C6548,000NMSCNON-REFERENCE   //KL02100221483165
APUR. EXC. CAI EN DEV. DU 22/01/20
:61:210210C9822,000NMSCNON-REFERENCE   //KL02100221483191
VERSEMENT BBE 3000 EUR SUCCURSALE
:61:210210D250000,000NMSCNON-REFERENCE   //KA21100221483437
VIRT P/ALIMENTATION CPTE DE REGLEM
:61:210210D1370,000NMSCNON-REFERENCE   //KA21100221483826
RET.CHQ.NU 7497087 C.TUNIS
:61:210210C240000,000NMSCNON-REFERENCE   //KA21100221484167
V.ESP. IBS C.TUNIS 10/02/2021
:62F:C210210TND907674,458
-}{5:{CHK:B17FEDEB17FE}}{S:{COP:S}}${1:F21ATLDTNTTAXXX7817585701}{4:{177:2102110743}{451:0}}{1:F01ATLDTNTTAXXX7817585701}{2:O9500718210211BCTNTNTTAXXX94954987502102110748N}{4:
:20:R1209920940S1102
:25:4027 026 840
:28C:02526/001
:60F:C210209USD15130260,22
:61:210210D50000,00NMSCNON-REFERENCE   //KL02100221481944
RETRAIT BBE 50000 USD CHQ NU 77479
:61:210210D100,00NMSCNON-REFERENCE   //KL02100221481944
COM./RETRAIT BBE CHQ NU 7747956 US
:61:210210C9903,35NMSCFT21039257154084//L211100221482015
VRSW ORDRE 008 REF: FT210392571540
:61:210210C35000,00NMSCFT21039434682307//L211100221482036
VRSW ORDRE 008 REF: FT210394346823
:61:210210C1400,00NMSCFT21040690426098//L211100221482037
VRSW ORDRE 008 REF: FT210406904260
:61:210210C6500270,83NMSCSDM3440745      //L211100221482043
VRSW ORDRE 014 REF: SDM3440745
:61:210210D309059,94NMSCTRDIMP202152    //L211100221482112
VRSW FAVEUR 005 REF: TRDIMP202152
:61:210210D220000,00NMSCTRD2021131      //L211100221482114
VRSW FAVEUR 217 REF: TRD2021131
:61:210210D185000,00NMSCTRD2021144      //L211100221482115
VRSW FAVEUR 217 REF: TRD2021144
:61:210210D165000,00NMSCTRD2021153      //L211100221482117
VRSW FAVEUR 217 REF: TRD2021153
:61:210210D63685,09NMSCTRD2021168      //L211100221482118
VRSW FAVEUR 007 REF: TRD2021168
:61:210210D49750,00NMSCTRD2021167      //L211100221482119
VRSW FAVEUR 007 REF: TRD2021167
:61:210210C30000,00NMSCNON-REFERENCE   //KB01100221483306
VERSEMENTS B.B.E 30000 USD SUCCURS
:61:210210D60,00NMSCNON-REFERENCE   //KB01100221483306
COM./VERS.BBE USD
:61:210209D15000000,00NMSCNON-REFERENCE   //L221100221483321
V/ DEPOT E. 10/02/2021 0.055
:61:210210C15000022,92NMSCNON-REFERENCE   //L221100221483321
REMB./ DEPOT E. 10/02/2021 0.055
:62M:C210210USD20664202,29
-}{5:{CHK:509FF5F986DA}}{S:{COP:S}}${1:F21ATLDTNTTAXXX7817585702}{4:{177:2102110743}{451:0}}{1:F01ATLDTNTTAXXX7817585702}{2:O9500718210211BCTNTNTTAXXX94954987512102110748N}{4:
:20:R1209920950S1102
:25:4027 026 840
:28C:02526/002
:60M:C210210USD20664202,29
:61:210210C65000,00NMSCFT21040VG0F4    //L211100221484079
VRSW ORDRE 032 REF: FT21040VG0F4
:61:210210C13697,00NMSCMMDEV6207913    //L211100221484119
VRSW ORDRE 004 REF: MMDEV6207913
:61:210210C39620,00NMSCMMDEV6207946    //L211100221484123
VRSW ORDRE 004 REF: MMDEV6207946
:61:210210C372,30NMSCMMDEV6207968    //L211100221484128
VRSW ORDRE 004 REF: MMDEV6207968
:62F:C210210USD20782891,59
-}{5:{CHK:A9ECFF5C024F}}{S:{COP:S}}${1:F21ATLDTNTTAXXX7817585703}{4:{177:2102110743}{451:0}}{1:F01ATLDTNTTAXXX7817585703}{2:O9500718210211BCTNTNTTAXXX94954987522102110748N}{4:
:20:R1209920960S1102
:25:4027 026 978
:28C:02485/001
:60F:C210209EUR3869749,53
:61:210210C340,24NMSCFT21040967895209//L211100221482032
VRSW ORDRE 008 REF: FT210409678952
:61:210210C4814,10NMSCFT21039936718085//L211100221482038
VRSW ORDRE 008 REF: FT210399367180
:61:210210D49900,00NMSCTRD2021166      //L211100221482109
VRSW FAVEUR 008 REF: TRD2021166
:61:210210D77783,78NMSCTRDIMP202150    //L211100221482110
VRSW FAVEUR 014 REF: TRDIMP202150
:61:210210D64981,05NMSCTRDIMP202151    //L211100221482111
VRSW FAVEUR 001 REF: TRDIMP202151
:61:210210D59918,40NMSCTRDIMP202153    //L211100221482113
VRSW FAVEUR 005 REF: TRDIMP202153
:61:210210D4976,42NMSCTRA2021446      //L211100221482116
VRSW FAVEUR 008 REF: TRA2021446
:61:210210C130000,00NMSCNON-REFERENCE   //KL02100221483192
VERSEMENTS B.B.E 130000 EUR SUCCUR
:61:210210D260,00NMSCNON-REFERENCE   //KL02100221483192
COM./VERS.BBE EUR
:61:210210C66000,00NMSCNON-REFERENCE   //KB01100221483310
VERSEMENTS B.B.E 66000 EUR SUCCURS
:61:210210D132,00NMSCNON-REFERENCE   //KB01100221483310
COM./VERS.BBE EUR
:61:210210C217000,00NMSCNON-REFERENCE   //KB01100221483314
VERSEMENTS B.B.E 217000 EUR SUCCUR
:61:210210D434,00NMSCNON-REFERENCE   //KB01100221483314
COM./VERS.BBE EUR
:61:210210C5000,00NMSC00049TRF21003468//L211100221484043
VRSW ORDRE 012 REF: 00049TRF210034
:61:210210D3000000,00NMSCMM2104112503    //L211100221484085
VRSW FAVEUR 014 REF: MM2104112503
:61:210210C25000,00NMSCFT2104100006    //L211100221484135
VRSW ORDRE 273 REF: FT2104100006
:62F:C210210EUR1059518,22
-}{5:{CHK:A8735EAB5E2B}}{S:{COP:S}}