{1:F21ATLDTNTTAXXX8854742393}{4:{177:2501280802}{451:0}}{1:F01ATLDTNTTAXXX8854742393}{2:O9500700250128UBAIITRRAXXX92238853732501280803N}{4:
:20:LORO20250127
:25:LOR/000028750248
:28C:17/1
:60F:C250124EUR3055249,9
:61:2501270127C300,NMSC03MT250124312508//03MT250124312508
:62F:C250127EUR3055549,9
-}{5:{CHK:8424BCF800BB}}{S:{COP:S}}