{1:F21ATLDTNTTAXXX8854742394}{4:{177:2501280802}{451:0}}{1:F01ATLDTNTTAXXX8854742394}{2:O9500700250128UBAIITRRAXXX92238853742501280803N}{4:
:20:LORO20250127
:25:LOR/000028750291
:28C:17/1
:60F:C250124USD2478890,05
:61:2501270127C1000000,NMSCFT25023P27K0//25012700001465GI
:61:2501270127C32886,37NMSC8378244006FS//25010600001010
:61:2501270127C15,NMSCTRA2025243//S065027320C201
:62F:C250127USD3511791,42
-}{5:{CHK:4DDCD5DF61E5}}{S:{COP:S}}