{1:F21ATLDTNTTAXXX7820585927}{4:{177:2102150814}{451:0}}{1:F01ATLDTNTTAXXX7820585927}{2:O9500919210215LAFBLYLTAXXX96468455412102150819N}{3:{108:EN1104559}}{4:
:20:20210214-3658
:25:0000007943
:28C:3658/1
:60F:C210213USD2739663,86
:61:2102160214DD8771,47NTRFC-C//FT2104536618    
TRANSFER
:62F:C210214USD2730892,39
:64:C210214USD2730892,39
-}{5:{CHK:A69BFB3D8625}}{S:{COP:S}}${1:F21ATLDTNTTAXXX7820585928}{4:{177:2102150814}{451:0}}{1:F01ATLDTNTTAXXX7820585928}{2:O9500919210215LAFBLYLTAXXX96468455522102150819N}{3:{108:EN1104570}}{4:
:20:20210214-3658
:25:0000031305
:28C:3658/1
:60F:C210210EUR3562602,31
:61:2102110214DR21032,00NTRFC-C//FT2104536617    
TRANSFER
:62F:C210214EUR3541570,31
:64:C210214EUR3541570,31
-}{5:{CHK:B8366EBAF68B}}{S:{COP:S}}