{1:F21ATLDTNTTAXXX8853742229}{4:{177:2501270845}{451:0}}{1:F01ATLDTNTTAXXX8853742229}{2:O9500532250127AREBESMMAXXX00229004782501270846N}{3:{108:250276HP8W28285}}{4:
:20:20250124-880
:25:3000000315
:28C:880/1
:60F:C250123EUR1287918,77
:61:2501240124DR123826,80NMSCTRDIMP202549    //BNK25024CCBMDDMC
SWIFT Payment
:61:2501240124DR15189,60NMSCTRDIMP202546    //BNK25024CDBGFLLM
SWIFT Payment
:61:2501250124CR86,17NCHGNONREF          //3000000315      
REMUNERATION
:61:2501260124CR86,17NCHGNONREF          //3000000315      
REMUNERATION
:61:2501270124CR86,18NCHGNONREF          //3000000315      
REMUNERATION
:62F:C250126EUR1149160,89
:64:C250126EUR1149160,89
-}{5:{CHK:B988DF05D037}{DLM:}}{S:{COP:S}}