{1:F21ATLDTNTTAXXX7817585707}{4:{177:2102110802}{451:0}}{1:F01ATLDTNTTAXXX7817585707}{2:O9500807210211BMCEESMMAXXX69722259062102110807N}{3:{108:E001613026283524}}{4:
:20:EXT8888000136410
:25:ES1002198601040096601316
:28C:00028/00001
:60F:C210210EUR1035421,73
:61:2102090210C69980,00S1030199387103900L2W//OAR8888000536218
:61:2102100210C29258,14S20203MT210209301510//OAR8888000536676
:61:2102100210C17891,51S20221OUTF0000165   //OAR8888000536875
:61:2102100210D12,00S103TRD2021170      //OAR8888000536133
:61:2102100210D5748,87S103TRD2021170      //OAR8888000536133
:61:2102090210C7360,00S103A710117         //OAR8888000536523
:61:2102080210C6988,00S10307600039T1C6243 //OAR8888000535782
:62F:C210210EUR1161138,51
-}{5:{CHK:E3F8B92D4220}}{S:{COP:S}}