{1:F21ATLDTNTTAXXX7821586095}{4:{177:2102160754}{451:0}}{1:F01ATLDTNTTAXXX7821586095}{2:O9500859210216LAFBLYLTAXXX96478458322102160759N}{3:{108:EN1104993}}{4:
:20:20210215-3659
:25:0000007943
:28C:3659/1
:60F:C210214USD2730892,39
:61:2102150215CD20,00NTRFMAD202112//FT2104631568    
TRANSFER
:61:2102150215CD20,00NTRFMAD202108//FT2104631583    
TRANSFER
:61:2102150215CD20,00NTRFMAD202107//FT2104631584    
TRANSFER
:61:2102150215CD20,00NTRFMAD202109//FT2104631585    
TRANSFER
:61:2102150215CD20,00NTRFMAD202110//FT2104631586    
TRANSFER
:61:2102160215CD25000,00NTRFFT2104631614//FT2104631614    
OUTWARD TELEX PAYMENT
:61:2102160215CD5000,00NTRFFT2104631630//FT2104631630    
OUTWARD TELEX PAYMENT
:61:2102160215CD9000,00NTRFFT2104631621//FT2104631621    
OUTWARD TELEX PAYMENT
:61:2102160215CD250000,00NTRFFT2104631593//FT2104631593    
OUTWARD TELEX PAYMENT
:62F:C210215USD3019992,39
:64:C210215USD2730992,39
-}{5:{CHK:48F328DFDED4}}{S:{COP:S}}