{1:F21ATLDTNTTAXXX8855742648}{4:{177:2501290802}{451:0}}{1:F01ATLDTNTTAXXX8855742648}{2:O9500700250129UBAIITRRAXXX92248857722501290803N}{4:
:20:LORO20250128
:25:LOR/000028750248
:28C:18/1
:60F:C250127EUR3055549,9
:61:2501280124D500000,NMSC250124CA937523//250124CA937523
:61:2501280124D1000000,NMSC250124CA937532//250124CA937532
:61:2501280124C500000,NMSC250124CA937558//250124CA937558
:62F:C250128EUR2055549,9
-}{5:{CHK:52D616408084}}{S:{COP:S}}