{1:F21ATLDTNTTAXXX7818585828}{4:{177:2102121015}{451:0}}{1:F01ATLDTNTTAXXX7818585828}{2:O9501120210212LAFBLYLTAXXX96448453232102121020N}{3:{108:EN1104054}}{4:
:20:20210211-3657
:25:0000007943
:28C:3657/1
:60F:C210209USD2291363,86
:61:2102120211CD300,00NTRFFT2104231541//FT2104231541    
OUTWARD TELEX PAYMENT
:61:2102120211CD198000,00NTRFFT2104231525//FT2104231525    
OUTWARD TELEX PAYMENT
:61:2102110211CD250000,00NTRFTR0011/2021//FT2104236620    
OUTWARD TELEX PAYMENT
:62F:C210213USD2739663,86
:64:C210213USD2541363,86
-}{5:{CHK:5F3E8CEEA3B5}}{S:{COP:S}}