{1:F21ATLDTNTTAXXX8851742161}{4:{177:2501241701}{451:0}}{1:F01ATLDTNTTAXXX8851742161}{2:O9501702250124BCTNTNTTAVGM05444227342501241702N}{3:{113:0040}}{4:
:20:R4149532/SM
:25:00038000401202600002
:28C:4/5
:60M:C250124TND509287,769
:61:2501240124CD490706,563FBOE17377272678601//1043789C
BCTNTNTTVGM/DVTCN
:61:2501240124DD415251,557FBOE2025012410788G20//1043813D
ATLDTNTT/DDSIB
:61:2501240124CD110000,FBOEBCTNB0290124B114//1043867C
BCTNTNTTVGM/VERES
:61:2501240124CD65679,498FBOEFE0225012475160G//1043890C
BCTNTNTTVGM/VTCCI
:61:2501240124CD315000,FBOEFE0225012475180G//1043895C
BCTNTNTTVGM/VTCCI
:61:2501240124CD141045,12FBOEFE0225012475190G//1043897C
BCTNTNTTVGM/VTCCI
:61:2501240124CD15000000,FBOE001240125P//1043951C
TSIDTNTT/VBB
:61:2501240124DD10000000,FBOEFT250247597Z//1043481D
ATLDTNTT/VBP
:61:2501240124DD3500000,FBOEMM2502422510//1043993D
ATLDTNTT/VBB
:62M:C250124TND2716467,393
-}{5:{CHK:F313B2FB2D0B}}{S:{COP:S}}