{1:F21ATLDTNTTAXXX8856742892}{4:{177:2501300800}{451:0}}{1:F01ATLDTNTTAXXX8856742892}{2:O9500719250130BCTNTNTTAXXX05484347142501300802N}{4:
:20:R1209968310S3001
:25:4027 026 784
:28C:00287/001
:60F:C250121AED301193,27
:61:250129D3908,10NMSCTRA2025258      //L211290125214864
VRSW FAVEUR 047 REF: TRA2025258
:62F:C250129AED297285,17
-}{5:{CHK:25AE211670E2}}{S:{COP:S}}