{1:F21ATLDTNTTAXXX8855742872}{4:{177:2501291649}{451:0}}{1:F01ATLDTNTTAXXX8855742872}{2:O9501650250129BCTNTNTTAVGM05474342752501291650N}{3:{113:0040}}{4:
:20:R4165761/SM
:25:00038000401202600002
:28C:7/8
:60M:C250129TND70662456,718
:61:2501290129DD9500000,FBOEFT25029HY2Q0//1048737D
ATLDTNTT/VBP
:61:2501290129DD4800000,FBOEFT25029DMTWD//1048743D
ATLDTNTT/VBP
:61:2501290129CD266850,FBOEFE0225012978800G//1048748C
BCTNTNTTVGM/VTCCI
:61:2501290129CD315210,FBOEFE0225012978810G//1048756C
BCTNTNTTVGM/VTCCI
:61:2501290129CD100000,FBOEVGM0000000145259//1048757C
CFCTTNTT/VBP
:61:2501290129CD3000000,FBOETNSM50129H000057//1048795C
ATBKTNTT/VBP
:61:2501290129CD130000,FBOETNSM50129H000111//1048802C
ATBKTNTT/VBP
:61:2501290129DD650000,FBOEBCTNB0380129B079//1048824D
ATLDTNTT/RETES
:62M:C250129TND59524516,718
-}{5:{CHK:9B28F524EFD4}}{S:{COP:S}}