{1:F21ATLDTNTTAXXX8853742234}{4:{177:2501270845}{451:0}}{1:F01ATLDTNTTAXXX8853742234}{2:O9500719250127BCTNTNTTAXXX05454231182501270846N}{4:
:20:R1209963050S2701
:25:4027 026 840
:28C:03519/001
:60F:C250123USD460382,29
:61:250124C15607,80NMSCFT25022469377323//L211240125197090
VRSW ORDRE 008 REF: FT250224693773
:61:250124C32474,41NMSCFT25022806759402//L211240125197094
VRSW ORDRE 008 REF: FT250228067594
:61:250124C75000,00NMSCFT25021510390704//L211240125197097
VRSW ORDRE 008 REF: FT250215103907
:61:250124C4375,00NMSCFT25021872700569//L211240125197115
VRSW ORDRE 008 REF: FT250218727005
:61:250124C6508,50NMSCFT25021551697109//L211240125197117
VRSW ORDRE 008 REF: FT250215516971
:61:250124C50,00NMSCFT24306903791256//L211240125197137
VRSW ORDRE 008 REF: FT243069037912
:61:250124C177400,00NMSCFT25022726240004//L211240125197181
VRSW ORDRE 008 REF: FT250227262400
:61:250124D350000,00NMSCTRD2025145      //L211240125197269
VRSW FAVEUR 008 REF: TRD2025145
:61:250124D240000,00NMSCTRD2025146      //L211240125197270
VRSW FAVEUR 016 REF: TRD2025146
:61:250124D400000,00NMSCTRD2025144      //L211240125197271
VRSW FAVEUR 001 REF: TRD2025144
:61:250124D30,00NMSCTRA2025123      //L211240125197273
VRSW FAVEUR 014 REF: TRA2025123
:61:250124D380000,00NMSCOP CHG G.C.T    //L211240125197276
VRSW FAVEUR 014 REF: OP CHG G.C.T
:61:250124C50478,00NMSCNON-REFERENCE   //KE02240125197489
VERSEMENTS B.B.E 50478 USD SUCCURS
:61:250124D100,96NMSCNON-REFERENCE   //KE02240125197489
COM./VERS.BBE USD
:61:250124D600,00NMSCNON-REFERENCE   //KA22240125197541
COM./RETRAIT BBE CHQ NU 7910851 US
:61:250124D300000,00NMSCNON-REFERENCE   //KA22240125197541
RETRAIT BBE 300000 USD CHQ NU 7910
:62M:D250124USD848454,96
-}{5:{CHK:844BD51B6408}}{S:{COP:S}}