{1:F21ATLDTNTTAXXX8854742398}{4:{177:2501280802}{451:0}}{1:F01ATLDTNTTAXXX8854742398}{2:O9500719250128BCTNTNTTAXXX05464265822501280803N}{4:
:20:R1209964910S2801
:25:4027 026 840
:28C:03520/002
:60M:C250127USD1352448,45
:61:250127C2000,00NMSCNON-REFERENCE   //L211270125207553
ANNL DU 27/01/2025 VRSW FAVEUR 008
:62F:C250127USD1354448,45
-}{5:{CHK:55ABB5A1AA07}}{S:{COP:S}}