{1:F21ATLDTNTTAXXX8856742894}{4:{177:2501300800}{451:0}}{1:F01ATLDTNTTAXXX8856742894}{2:O9500719250130BCTNTNTTAXXX05484347172501300802N}{4:
:20:R1209968330S3001
:25:4027 026 978
:28C:03483/001
:60F:C250128EUR63871313,42
:61:250129D15000000,00S200COVFT25027Y36G1 //L211290125212691
VOTRE MT 200 REF COVFT25027Y36G1
:61:250129C14,64NMSC25OUTC0000019   //L211290125214664
VRSW ORDRE 028 REF: 25OUTC0000019
:61:250129C11000,00NMSCFT25024018523626//L211290125214705
VRSW ORDRE 008 REF: FT250240185236
:61:250129C500,00NMSCVRC20250007070  //L211290125214847
VRSW ORDRE 005 REF: VRC20250007070
:61:250129D600000,00NMSCTRD2025164      //L211290125214862
VRSW FAVEUR 032 REF: TRD2025164
:61:250129D23,80NMSCTRA20244813     //L211290125214865
VRSW FAVEUR 028 REF: TRA20244813
:61:250129D250000,00NMSCTRD2025171      //L211290125214866
VRSW FAVEUR 011 REF: TRD2025171
:61:250129D96000,00NMSCTRD2025172      //L211290125214867
VRSW FAVEUR 014 REF: TRD2025172
:61:250129D358700,00NMSCTRD2025170      //L211290125214868
VRSW FAVEUR 007 REF: TRD2025170
:61:250129D5558,36NMSCTRA2025323      //L211290125214872
VRSW FAVEUR 008 REF: TRA2025323
:61:250128D63500000,00NMSCNON-REFERENCE   //L221290125219138
V/ DEPOT E. 29/01/2025 2.9
:61:250129C63505115,28NMSCNON-REFERENCE   //L221290125219138
REMB./ DEPOT E. 29/01/2025 2.9
:61:250129D5000,00NMSCTRDIMP202532    //L211290125219331
VRSW FAVEUR 028 REF: TRDIMP202532
:62F:C250129EUR47572661,18
-}{5:{CHK:1F5FEBAB5495}}{S:{COP:S}}