{1:F21ATLDTNTTAXXX8854742635}{4:{177:2501281650}{451:0}}{1:F01ATLDTNTTAXXX8854742635}{2:O9501651250128BCTNTNTTAVGM05464301322501281651N}{3:{113:0040}}{4:
:20:R4159885/SM
:25:00038000401202600002
:28C:6/6
:60M:C250128TND16884579,774
:61:2501280128DD739942,FBOEFT25028P87MS//1047167D
ATLDTNTT/VBP
:61:2501280128DD739557,63FBOEFT25028H35RR//1047168D
ATLDTNTT/VBP
:61:2501280128DD13000000,FBOEMC0125012877490G//1047175D
ATLDTNTT/PLMM
:62F:C250128TND2405080,144
:64:C250128TND2405080,144
-}{5:{CHK:7B044246067C}}{S:{COP:S}}