{1:F21ATLDTNTTAXXX7820585925}{4:{177:2102150746}{451:0}}{1:F01ATLDTNTTAXXX7820585925}{2:O9500751210215BMCEESMMAXXX69732272262102150751N}{3:{108:E001613198194349}}{4:
:20:EXT8888000136638
:25:ES1002198601040096601316
:28C:00030/00001
:60F:C210212EUR935133,54
:61:2102120212D12,00S103PD3922777       //OAR8888000536870
:61:2102120212D1712,72S103PD3922777       //OAR8888000536870
:61:2102120212D12,00S103TRD2021179      //OAR8888000537078
:61:2102120212D14000,00S103TRD2021179      //OAR8888000537078
:61:2102120212D45771,96S103TRDIMP202158    //OAR8888000537202
:61:2102120212C333,41S20221OUTF0000175   //OAR8888000538031
:61:2101250212C912,00S103C27P21011202980 //OAR8888000526929
:61:2102120212C1676,92S20221OUTF0000181   //OAR8888000538032
:62F:C210212EUR876547,19
-}{5:{CHK:B63CA7C2466F}}{S:{COP:S}}