{1:F21ATLDTNTTAXXX7820585918}{4:{177:2102150732}{451:0}}{1:F01ATLDTNTTAXXX7820585918}{2:O9500701210215UBAIITRRAXXX81505228732102150737N}{4:
:20:LORO20210212
:25:LOR/000028750248
:28C:25/1
:60F:C210211EUR1857978,14
:61:2102120210C420000,NMSC210210CA970791//210210CA970791
:61:2102120211C100000,NMSC210211CA970800//210211CA970800
:62F:C210212EUR2377978,14
-}{5:{CHK:915B51809B33}}{S:{COP:S}}${1:F21ATLDTNTTAXXX7820585919}{4:{177:2102150732}{451:0}}{1:F01ATLDTNTTAXXX7820585919}{2:O9500701210215UBAIITRRAXXX81505228742102150737N}{4:
:20:LORO20210212
:25:LOR/000028750291
:28C:28/1
:60F:C210211USD2722476,22
:61:2102120210D508947,6NMSC210210CA970791//210210CA970791
:61:2102120210C5600,NMSC3076471041ES//21021000003276
:61:2102120211C469,37NMSC7274878039FS//21021000001001
:61:2102120211D121357,NMSC210211CA970800//210211CA970800
:62F:C210212USD2098240,99
-}{5:{CHK:399ED469BD59}}{S:{COP:S}}${1:F21ATLDTNTTAXXX7820585920}{4:{177:2102150732}{451:0}}{1:F01ATLDTNTTAXXX7820585920}{2:O9500701210215UTUBFRPPAPYR77813732682102150737N}{3:{108:1940518001.16}}{4:
:20:20210212-2179
:25:16129002535
:28C:2179/1
:60F:C210211EUR286376,85
:62F:C210214EUR286376,85
:64:C210214EUR286376,85
-}{5:{CHK:374251D702C4}}{S:{COP:S}}${1:F21ATLDTNTTAXXX7820585921}{4:{177:2102150732}{451:0}}{1:F01ATLDTNTTAXXX7820585921}{2:O9500717210215BCTNTNTTAXXX94975032182102150737N}{4:
:20:R1209923020S1502
:25:4010 026 000 N
:28C:02530/001
:60F:C210211TND878374,358
:61:210212D400000,000NMSCNON-REFERENCE   //KA21120221488433
VIRT P/ALIMENTATION CPTE DE REGLEM
:61:210212D5,000NMSCNON-REFERENCE   //F121120221488478
RECUP. FRAIS 1 EXTRAIT SWIFT DU 12
:61:210212D10,000NMSCNON-REFERENCE   //F121120221488505
RECUP. FRAIS 2 EXTRAIT SWIFT DU 12
:61:210212C100000,000NMSCNON-REFERENCE   //KN02120221489657
V.ESP. IBS SUCCURSALE MONASTIR 12/
:61:210212C230000,000NMSCNON-REFERENCE   //KA21120221490194
V.ESP. IBS C.TUNIS 12/02/2021
:62F:C210212TND808359,358
-}{5:{CHK:FBCE5C99D1C8}}{S:{COP:S}}${1:F21ATLDTNTTAXXX7820585922}{4:{177:2102150732}{451:0}}{1:F01ATLDTNTTAXXX7820585922}{2:O9500719210215BCTNTNTTAXXX94975033552102150737N}{4:
:20:R1209924390S1502
:25:4027 026 840
:28C:02528/001
:60F:C210211USD20849548,95
:61:210212C300000,00NMSCNON-REFERENCE   //KA22120221489191
VERSEMENTS B.B.E 300000 USD C.TUNI
:61:210212D600,00NMSCNON-REFERENCE   //KA22120221489191
COM./VERS.BBE USD
:61:210211D20600000,00NMSCNON-REFERENCE   //L221120221490158
V/ DEPOT E. 12/02/2021 0.055
:61:210212C20600031,47NMSCNON-REFERENCE   //L221120221490158
REMB./ DEPOT E. 12/02/2021 0.055
:61:210212C26250,00NMSCFT21041903654188//L211120221490299
VRSW ORDRE 008 REF: FT210419036541
:61:210212C67584,18NMSCFT21042Y0H8M    //L211120221490817
VRSW ORDRE 025 REF: FT21042Y0H8M
:61:210212D19728,02NMSCCEX2019291-02   //L211120221491049
VRSW FAVEUR 003 REF: CEX2019291-02
:61:210212D141412,32NMSCCEX2019291-01   //L211120221491051
VRSW FAVEUR 003 REF: CEX2019291-01
:61:210212D190000,00NMSCTRD2021175      //L211120221491053
VRSW FAVEUR 016 REF: TRD2021175
:61:210212D170248,29NMSCTRD2021176      //L211120221491055
VRSW FAVEUR 016 REF: TRD2021176
:61:210212D194493,75NMSCTRD2021177      //L211120221491058
VRSW FAVEUR 008 REF: TRD2021177
:61:210212D53990,49NMSCTRD2021178      //L211120221491062
VRSW FAVEUR 012 REF: TRD2021178
:61:210212D3127,78NMSCTRD2021188      //L211120221491071
VRSW FAVEUR 008 REF: TRD2021188
:62F:C210212USD20469813,95
-}{5:{CHK:E9596A3244DE}}{S:{COP:S}}${1:F21ATLDTNTTAXXX7820585923}{4:{177:2102150732}{451:0}}{1:F01ATLDTNTTAXXX7820585923}{2:O9500719210215BCTNTNTTAXXX94975033562102150737N}{4:
:20:R1209924400S1502
:25:4027 026 978
:28C:02487/001
:60F:C210211EUR308173,22
:61:210212D160,00NMSCNON-REFERENCE   //KE02120221488986
COM./VERS.BBE EUR
:61:210212C80000,00NMSCNON-REFERENCE   //KE02120221488986
VERSEMENTS B.B.E 80000 EUR SUCCURS
:61:210212C1275,00NMSCOPF21/52235     //L211120221490940
VRSW ORDRE 010 REF: OPF21/52235
:61:210212C850,00NMSCOPF21/52237     //L211120221490942
VRSW ORDRE 010 REF: OPF21/52237
:61:210212D84536,09NMSCTRD2021181      //L211120221491060
VRSW FAVEUR 001 REF: TRD2021181
:61:210212D214380,75NMSCTRD20201183     //L211120221491064
VRSW FAVEUR 028 REF: TRD20201183
:61:210212D76466,00NMSCTRD2021182      //L211120221491066
VRSW FAVEUR 008 REF: TRD2021182
:61:210212D150000,00NMSCFX2104259910    //L211120221491068
VRSW FAVEUR 023 REF: FX2104259910
:61:210212D2000,00NMSCTRD2021196      //L211120221491073
VRSW FAVEUR 008 REF: TRD2021196
:61:210212D2200,00NMSCTRD2021197      //L211120221491075
VRSW FAVEUR 008 REF: TRD2021197
:61:210212D2500000,00NMSCMM2104312510    //L211120221491078
VRSW FAVEUR 014 REF: MM2104312510
:61:210212C3000041,67NMSCSDM3443996      //L211120221491319
VRSW ORDRE 014 REF: SDM3443996
:62F:C210212EUR360597,05
-}{5:{CHK:6E0E16CA5897}}{S:{COP:S}}