{1:F21ATLDTNTTAXXX8853742243}{4:{177:2501270845}{451:0}}{1:F01ATLDTNTTAXXX8853742243}{2:O9500916250127LAFBLYLTAXXX09764048302501270846N}{3:{108:EN2199683}}{4:
:20:20250126-4586
:25:0000007943
:28C:4586/1
:60F:C250125USD10460959,93
:61:2501270126CD9000,00NTRFFT2502631557//FT2502631557    
Outward Telex Payment
:61:2501270126CD6492,00NTRFFT2502631559//FT2502631559    
Outward Telex Payment
:61:2501270126DD45000,00NTRF2502323491520000//FT2502636619    
Outward Telex Payment
:61:2501270126DD968,13NTRFSCOL2025008//FT2502631331    
Outward Telex Payment
:61:2501270126CD360,00NTRFFT2502631613//FT2502631613    
Outward Telex Payment
:61:2501270126CD345,00NTRFFT2502631702//FT2502631702    
Outward Telex Payment
:61:2501270126DD30000,00NTRFTRDIMP202536//FT2502631351    
Outward Telex Payment
:61:2501270126CD3100,00NTRFFT2502631657//FT2502631657    
Outward Telex Payment
:61:2501270126CD2132,00NTRFFT2502631706//FT2502631706    
Outward Telex Payment
:61:2501270126CD265,00NTRFFT2502631386//FT2502631386    
Outward Telex Payment
:61:2501270126DD26117,95NTRFTRDIMP2024777-2//FT2502631388    
Outward Telex Payment
:61:2501270126DD5750,00NTRFTRDIMP202501-1//FT2502631349    
Outward Telex Payment
:61:2501270126CD275838,15NTRFFT2502631728//FT2502631728    
Outward Telex Payment
:61:2501270126CD312448,09NTRFFT2502631732//FT2502631732    
Outward Telex Payment
:61:2501270126CD119208,85NTRFFT2502631731//FT2502631731    
Outward Telex Payment
:62F:C250126USD11082312,94
:64:C250126USD10353123,85
-}{5:{CHK:60DDAB42AE35}}{S:{COP:S}}