{1:F21ATLDTNTTAXXX8853742173}{4:{177:2501270844}{451:0}}{1:F01ATLDTNTTAXXX8853742173}{2:O9500757250125BMCEESMMAXXX72459184492501270845N}{3:{108:E001737787382761}}{4:
:20:EXT8888000268248
:25:ES1002198601040096601316
:28C:00017/00001
:60F:C250124EUR3780158,61
:61:2501240124C50,00S202TRAEXP202541    //OAR8888001097930
:61:2501230124C4717,66S20203TG250123904292//OAR8888001098236
:61:2501230124C4507,58S103TOF51MQEF0000702//OAR8888001098161
:61:2501230124C182,24S103FTT2726731 01   //OAR8888001098163
:61:2501240124D12,00S1032025012474966937//OAR8888001098241
:61:2501240124D1643,52S1032025012474966937//OAR8888001098241
:62F:C250124EUR3787960,57
-}{5:{CHK:4AE73279BDC6}{DLM:}}{S:{COP:S}}