{1:F21ATLDTNTTAXXX8853742376}{4:{177:2501271648}{451:0}}{1:F01ATLDTNTTAXXX8853742376}{2:O9501649250127BCTNTNTTAVGM05454261562501271649N}{3:{113:0040}}{4:
:20:R4154362/SM
:25:00038000401202600002
:28C:3/5
:60M:C250127TND2487334,866
:61:2501270127CD3502330,417FBOEVGM0000000145111//1044941C
CFCTTNTT/VBB
:61:2501270127CD148698,68FBOE270125142//1045035C
BNTETNTT/VBP
:61:2501270127CD130411,955FBOE270125151//1045044C
BNTETNTT/VBP
:61:2501270127CD132952,19FBOE270125154//1045049C
BNTETNTT/VBP
:61:2501270127DD1500000,FBOEFT25027SH6VN//1045254D
ATLDTNTT/VBP
:61:2501270127DD314280,892FBOEFT25027NQSM1//1045286D
ATLDTNTT/VBP
:61:2501270127CD130500,289FBOE2025012710788G20//1045314C
BCTNTNTTVGM/DCSIB
:61:2501270127CD1000000,FBOE20250127T0001418//1045320C
ATBKTNTT/DVTCB
:62M:C250127TND5717947,505
-}{5:{CHK:A417C97E3465}}{S:{COP:S}}