{1:F21ATLDTNTTAXXX7820585895}{4:{177:2102150732}{451:0}}{1:F01ATLDTNTTAXXX7820585895}{2:O9501731210212BCTNTNTTAVGM94965031682102150737N}{3:{113:RTGS}{108:10064190}}{4:
:20:10064190
:25:00038000401202600002
:28C:1/1
:60F:C210212TND100517,079
:61:2102120212CD108074,559FBOESE10210212156426//10063548
BCTNTNTTVGM/DCSB2/I/1/0
:61:2102120212DD4500000,000FBOEMM2104312513//10063561
ATLDTNTT/VBB/S/4/0
:61:2102120212CD4116,250FBOETN2BBTN210430007//10063282
CITITNTXONS/VBB/S/4/0
:61:2102120212CD10712,961FBOESE94210212155626//10063202
BCTNTNTTVGM/DCSMT/I/1/0
:61:2102120212CD493800,000FBOEOP ACH 6382/21//10063140
BTQITNTT/VBB/S/4/0
:61:2102120212DD7000000,000FBOEMM2104312511//10063116
ATLDTNTT/VBB/S/4/0
:61:2102120212DD909478,213FBOESE30210212155426//10062833
BCTNTNTTVGM/DDSIB/I/1/0
:61:2102120212DD59899,437FBOESGMT-59532//10062497
ATLDTNTT/VBB/S/4/0
:61:2102120212CD4300744,139FBOE12022117//10062076
BNTETNTT/VBB/S/4/0
:61:2102120212DD458,600FBOESE05210212156026//10061986
BCTNTNTTVGM/DDCDC/I/1/0
:61:2102120212DD3230,000FBOESE01210212156126//10061956
BCTNTNTTVGM/DDCDC/I/1/0
:61:2102120212CD157510,827FBOESE40210212155526//10061796
BCTNTNTTVGM/DCSIB/I/1/0
:61:2102120212CD400000,000FBOESP0121021220190G//10061718
BCTNTNTTVGM/TLOR/S/2/0
:61:2102120212CD7001211,389FBOEVGM0000000112529//10061275
CFCTTNTT/VBB/S/4/0
:61:2102120212CD2362,710FBOESP0121021220110G//10061108
BCTNTNTTVGM/VTCB4/S/2/0
:62F:C210212TND105983,664
:64:C210212TND105983,664
-}{5:{CHK:EE769E20ABB2}{DLM:}}{S:{COP:S}}${1:F21ATLDTNTTAXXX7820585899}{4:{177:2102150732}{451:0}}{1:F01ATLDTNTTAXXX7820585899}{2:O9502030210212BACMGB2LAXXX09345088342102150737N}{3:{108:21046Q9N4M16903}}{4:
:20:20210212-556
:25:00109476
:28C:556/1
:60F:C210211USD1477987,89
:61:2102120212CD20,00NCHKNONREF//FT21042LT0LB    
Inward Telex Payment
:61:2102120212CD37,56FCHGNONREF//FT2104362WPM    
Outward Remittance
:61:2102120212DD55,00FCHGTRD2021169//FT21039DP558    
Outward Telex-Swift Charges
:61:2102120212DD200000,00FCHGTRD2021169//FT21039DP558    
Outward Remittance
:61:2102120212CD25383,42FCHGNONREF//FT210439JH3F    
Outward Remittance
:62F:C210214USD1303373,87
:64:C210214USD1303373,87
-}{5:{CHK:01BBCE5FF365}{DLM:}}{S:{COP:S}}