{1:F21ATLDTNTTAXXX8854742632}{4:{177:2501281650}{451:0}}{1:F01ATLDTNTTAXXX8854742632}{2:O9501651250128BCTNTNTTAVGM05464301292501281651N}{3:{113:0040}}{4:
:20:R4159724/SM
:25:00038000401202600002
:28C:3/6
:60M:C250128TND30209697,128
:61:2501280128DD20004438,889FBOEMM2502722517//1046458D
ATLDTNTT/VBB
:61:2501280128CD4000000,FBOEVRT2025000761501//1046512C
BTBKTNTTVGM/VBP
:61:2501280128CD10000000,FBOE77/25/55 FG//1046578C
TUIBTNTT/VBB
:61:2501280128DD300000,FBOEFT250281475B//1046654D
ATLDTNTT/VBP
:61:2501280128DD10000000,FBOEFT25028FJ7F0//1046655D
ATLDTNTT/VBP
:61:2501280128DD171546,711FBOEFT25028TV8RF//1046662D
ATLDTNTT/VBP
:61:2501280128DD150000,FBOEFT25028TQ7ZF//1046670D
ATLDTNTT/VBP
:62M:C250128TND13583711,528
-}{5:{CHK:9989563D5B86}}{S:{COP:S}}