{1:F21ATLDTNTTAXXX7818585812}{4:{177:2102120740}{451:0}}{1:F01ATLDTNTTAXXX7818585812}{2:O9502113210211BACMGB2LAXXX09345083062102120745N}{3:{108:21043RZVN889657}}{4:
:20:20210211-555
:25:00109476
:28C:555/1
:60F:C210210USD1502234,15
:61:2102110211CD20,00NCHKNONREF//FT21042X9M52    
Inward Telex Payment
:61:2102110211DD55,00FCHGTRD2021174//FT21041FS375    
Outward Telex-Swift Charges
:61:2102110211DD35000,00FCHGTRD2021174//FT21041FS375    
Outward Remittance
:61:2102110211CD51,51FCHGNONREF//FT21042BV1KL    
Outward Remittance
:61:2102110211CD941,34FCHGNONREF//FT210424QRDZ    
Outward Remittance
:61:2102110211CD5384,13FCHGNONREF//FT210403690H    
Outward Remittance
:61:2102110211CD3949,46FCHGNONREF//FT21040QQSCM    
Outward Remittance
:61:2102110211CD462,30FCHGNONREF//FT21040WKVB7    
Outward Remittance
:62F:C210211USD1477987,89
:64:C210211USD1477987,89
-}{5:{CHK:C667726769C5}{DLM:}}{S:{COP:S}}${1:F21ATLDTNTTAXXX7818585815}{4:{177:2102120740}{451:0}}{1:F01ATLDTNTTAXXX7818585815}{2:O9500700210212UBAIITRRAXXX81495226242102120745N}{4:
:20:LORO20210211
:25:LOR/000028750248
:28C:24/1
:60F:C210210EUR1457978,14
:61:2102110209C1000000,NMSC210209CA970752//210209CA970752
:61:2102110209D600000,NMSC210209CA970769//210209CA970769
:62F:C210211EUR1857978,14
-}{5:{CHK:6395E8B91BC5}}{S:{COP:S}}${1:F21ATLDTNTTAXXX7818585816}{4:{177:2102120740}{451:0}}{1:F01ATLDTNTTAXXX7818585816}{2:O9500700210212UBAIITRRAXXX81495226252102120745N}{4:
:20:LORO20210211
:25:LOR/000028750291
:28C:27/1
:60F:C210210USD3207888,22
:61:2102110209D1210800,NMSC210209CA970752//210209CA970752
:61:2102110209C725388,NMSC210209CA970769//210209CA970769
:62F:C210211USD2722476,22
-}{5:{CHK:D351C1E3EE6C}}{S:{COP:S}}