{1:F21ATLDTNTTAXXX8856742896}{4:{177:2501300800}{451:0}}{1:F01ATLDTNTTAXXX8856742896}{2:O9500755250130BMCEESMMAXXX72459202162501300802N}{3:{108:E001738219421195}}{4:
:20:EXT8888000268644
:25:ES1002198601040096601316
:28C:00020/00001
:60F:C250129EUR4127256,39
:61:2501270129C238,00S103FTT3278168 01   //OAR8888001099586
:61:2501290129C1169,51S1033502024613      //OAR8888001099753
:61:2501280129C1668,51S1033501931463      //OAR8888001099782
:61:2501020129C279990,00S20203EB250102678897//OAR8888001100016
:61:2501290129D12,00S1032025012975213068//OAR8888001100047
:61:2501290129D65,06S1032025012975213068//OAR8888001100047
:62F:C250129EUR4410245,35
-}{5:{CHK:A1B0A1020A85}}{S:{COP:S}}