{1:F21ATLDTNTTAXXX8855742866}{4:{177:2501291649}{451:0}}{1:F01ATLDTNTTAXXX8855742866}{2:O9501650250129BCTNTNTTAVGM05474342692501291650N}{3:{113:0040}}{4:
:20:R4165423/SM
:25:00038000401202600002
:28C:1/8
:60F:C250129TND2405080,144
:61:2501290129CD888,4FBOESP0525012977610G//1047213C
BCTNTNTTVGM/VTCB4
:61:2501290129CD46441,017FBOE250128091710G17//1047258C
BCTNTNTTVGM/DCSMT
:61:2501290129CD949200,FBOESDM2031962//1047282C
BTBKTNTTVGM/VBB
:61:2501290129CD13000000,FBOEMC0125012977730G//1047300C
BCTNTNTTVGM/RPLMM
:61:2501290129CD2527,778FBOEMC0125012977770G//1047305C
BCTNTNTTVGM/RPLMM
:61:2501290129CD2508225,876FBOE2025012840788G19//1047371C
BCTNTNTTVGM/DCSIB
:61:2501290129DD204586,143FBOE2025012820788G19//1047422D
ATLDTNTT/DDSIB
:61:2501290129DD5000000,FBOE17381388621462//1047458D
ATLDTNTT/OSTN
:62M:C250129TND13707777,072
-}{5:{CHK:0F4B61208D55}}{S:{COP:S}}