{1:F21ATLDTNTTAXXX8854742405}{4:{177:2501280802}{451:0}}{1:F01ATLDTNTTAXXX8854742405}{2:O9500902250128LAFBLYLTAXXX09774055442501280803N}{3:{108:EN2200828}}{4:
:20:20250127-4587
:25:0000007943
:28C:4587/2
:60M:C250127USD3924868,55
:61:2501280127CD13186,92NTRFFT2502731343//FT2502731343    
Outward Telex Payment
:61:2501270127DD9033,33FCHGTRA2025280//FT2502731407    
Inward Telex Payment
:62F:C250127USD3929022,14
:64:C250127USD3109355,22
-}{5:{CHK:C5CE1CE82FA2}}{S:{COP:S}}