{1:F21ATLDTNTTAXXX8854742621}{4:{177:2501281618}{451:0}}{1:F01ATLDTNTTAXXX8854742621}{2:O9501719250128LAFBLYLTAXXX09774065022501281619N}{3:{108:EN2202338}}{4:
:20:20250128-4588
:25:0000007943
:28C:4588/2
:60M:C250128USD451674,33
:61:2501280128CD30000,00NTRFFT250283122C/140//FT2502836654    
Outward Telex Payment
:61:2501280128CD385,00NTRFFT2502831541//FT2502831541    
Outward Telex Payment
:61:2501280128CD2770,54NTRFFT2502831648//FT2502831648    
Outward Telex Payment
:61:2501280128CD2770,54NTRFFT2502831638//FT2502831638    
Outward Telex Payment
:61:2501280128CD8880,00NTRFFT2502831607//FT2502831607    
Outward Telex Payment
:61:2501280128CD8880,00NTRFFT2502831613//FT2502831613    
Outward Telex Payment
:61:2501280128CD1080,00NTRFFT2502831577//FT2502831577    
Outward Telex Payment
:61:2501280128CD6736,00NTRFFT2502831596//FT2502831596    
Outward Telex Payment
:61:2501280128CD5204,00NTRFFT2502831610//FT2502831610    
Outward Telex Payment
:61:2501280128CD2770,54NTRFFT2502831701//FT2502831701    
Outward Telex Payment
:61:2501290128DD48662,98NTRFTRD2025152//FT2502831331    
Outward Telex Payment
:61:2501280128CD36000,00NTRF2502823446750000//FT2502836667    
Outward Telex Payment
:61:2501280128CD4598,00NTRFFT2502831699//FT2502831699    
Outward Telex Payment
:61:2501280128CD1080,00NTRFFT2502831589//FT2502831589    
Outward Telex Payment
:62F:C250128USD514165,97
:64:C250128USD495905,43
-}{5:{CHK:4B3DCBE6BD07}}{S:{COP:S}}