{1:F21ATLDTNTTAXXX8854742407}{4:{177:2501280802}{451:0}}{1:F01ATLDTNTTAXXX8854742407}{2:O9500903250128LAFBLYLTAXXX09774055712501280803N}{3:{108:EN2200845}}{4:
:20:20250127-4463
:25:0000031305
:28C:4463/1
:60F:C250126EUR1224211,17
:61:2501270127CR7000000,00NLDPMM2502300009//MM2502300009    
Repayment of Principal
:61:2501270127CR2022,22NLDPMM2502300009//MM2502300009    
Payment of Interest
:61:2501280127CR4294,00NTRFFT2502731513//FT2502731513    
Outward Telex Payment
:61:2501270127DR7500000,00NDEPMM2502700002//MM2502700002    
New Deposit
:61:2501270127CR53682,48NTRFFRD 114/25//FT2502736610    
Outward Telex Payment
:62F:C250127EUR784209,87
:64:C250127EUR779915,87
-}{5:{CHK:93A851210671}}{S:{COP:S}}