{1:F21ATLDTNTTAXXX8855742645}{4:{177:2501290802}{451:0}}{1:F01ATLDTNTTAXXX8855742645}{2:O9500531250129AREBESMMAXXX00249013012501290803N}{3:{108:2502971Y8L22255}}{4:
:20:20250128-361
:25:5000003016
:28C:361/1
:60F:C250127USD4132561,17
:61:2501290128CD459,17NCHGNONREF          //5000003016      
REMUNERATION
:62F:C250128USD4133020,34
:64:C250128USD4133020,34
-}{5:{CHK:D86DD40282D1}{DLM:}}{S:{COP:S}}