{1:F21ATLDTNTTAXXX8851742162}{4:{177:2501241701}{451:0}}{1:F01ATLDTNTTAXXX8851742162}{2:O9501702250124BCTNTNTTAVGM05444227352501241702N}{3:{113:0040}}{4:
:20:R4149584/SM
:25:00038000401202600002
:28C:5/5
:60M:C250124TND2716467,393
:61:2501240124CD20000000,FBOEVBB-BTL-24.01.25//1044001C
WKIBTNTT/VBB
:61:2501240124DD20004438,889FBOEMM2502322500-1//1043049D
ATLDTNTT/VBB
:62F:C250124TND2712028,504
:64:C250124TND2712028,504
-}{5:{CHK:862C89EB3479}}{S:{COP:S}}