{1:F21ATLDTNTTAXXX8856742893}{4:{177:2501300800}{451:0}}{1:F01ATLDTNTTAXXX8856742893}{2:O9500719250130BCTNTNTTAXXX05484347162501300802N}{4:
:20:R1209968320S3001
:25:4027 026 840
:28C:03522/001
:60F:C250128USD258035,36
:61:250129C20811,44NMSCFT25027191115578//L211290125214673
VRSW ORDRE 008 REF: FT250271911155
:61:250129C1800,00NMSCFT25023980288373//L211290125214680
VRSW ORDRE 008 REF: FT250239802883
:61:250129C45000,00NMSCFT25024580430130//L211290125214681
VRSW ORDRE 008 REF: FT250245804301
:61:250129C50,00NMSCFT25028760388005//L211290125214746
VRSW ORDRE 008 REF: FT250287603880
:61:250129C680,00NMSCFT25027166048381//L211290125214767
VRSW ORDRE 008 REF: FT250271660483
:61:250129C500,00NMSCFT25027167488884//L211290125214768
VRSW ORDRE 008 REF: FT250271674888
:61:250129D28,02NMSCTRA2025208      //L211290125214863
VRSW FAVEUR 008 REF: TRA2025208
:61:250129D300000,00NMSCFX2502703066    //L211290125214869
VRSW FAVEUR 005 REF: FX2502703066
:61:250129D19347,60NMSCWAH2025077      //L211290125214870
VRSW FAVEUR 033 REF: WAH2025077
:61:250129D9952,40NMSCTRA2025322      //L211290125214871
VRSW FAVEUR 005 REF: TRA2025322
:61:250129D500060,42NMSCMM2502822526    //L211290125214873
VRSW FAVEUR 007 REF: MM2502822526
:61:250129D1000122,22NMSCMM2502822525    //L211290125214874
VRSW FAVEUR 217 REF: MM2502822525
:61:250129C2000000,00NMSCSDM4106346      //L211290125219361
VRSW ORDRE 007 REF: SDM4106346
:62F:C250129USD497366,14
-}{5:{CHK:635173E6DFE4}}{S:{COP:S}}