{1:F21ATLDTNTTAXXX8855742870}{4:{177:2501291649}{451:0}}{1:F01ATLDTNTTAXXX8855742870}{2:O9501650250129BCTNTNTTAVGM05474342732501291650N}{3:{113:0040}}{4:
:20:R4165705/SM
:25:00038000401202600002
:28C:5/8
:60M:C250129TND67774054,317
:61:2501290129DD162656,93FBOEFT25029GTR43//1048482D
ATLDTNTT/VBP
:61:2501290129DD300000,FBOEFT25029KTTDT//1048484D
ATLDTNTT/VBP
:61:2501290129DD100000,FBOEFT25029J9Y6P//1048486D
ATLDTNTT/VBP
:61:2501290129DD109058,1FBOEFT2502933TF8//1048499D
ATLDTNTT/VBP
:61:2501290129CD2438000,406FBOE17381577633041//1048504C
BCTNTNTTVGM/DVTCN
:61:2501290129CD200000,FBOE20250129T0000490//1048515C
BIATTNTTVGM/DVTCB
:61:2501290129CD430000,FBOE20250129T0000489//1048516C
BIATTNTTVGM/DVTCB
:61:2501290129CD41400,FBOEBCTNB0270129B078//1048536C
BCTNTNTTVGM/VERES
:62M:C250129TND70211739,693
-}{5:{CHK:03ADC23AC816}}{S:{COP:S}}