{1:F21ATLDTNTTAXXX8854742406}{4:{177:2501280802}{451:0}}{1:F01ATLDTNTTAXXX8854742406}{2:O9500903250128LAFBLYLTAXXX09774055572501280803N}{3:{108:EN2200812}}{4:
:20:20250127-4587
:25:0000007943
:28C:4587/1
:60F:C250126USD11082312,94
:61:2501270127CD3500000,00NLDPMM2502300008//MM2502300008    
Repayment of Principal
:61:2501270127CD1516,67NLDPMM2502300008//MM2502300008    
Payment of Interest
:61:2501280127DD31500,00NTRFTRDIMP202541//FT2502731301    
Outward Telex Payment
:61:2501270127DD1569,50FCHGTRA2025283//FT2502731400    
Inward Telex Payment
:61:2501270127DD13500000,00NDEPMM2502700001//MM2502700001    
New Deposit
:61:2501280127CD1080,00NTRFFT2502731635//FT2502731635    
Outward Telex Payment
:61:2501280127CD1080,00NTRFFT2502731636//FT2502731636    
Outward Telex Payment
:61:2501280127CD1080,00NTRFFT2502731647//FT2502731647    
Outward Telex Payment
:61:2501280127CD1080,00NTRFFT2502731644//FT2502731644    
Outward Telex Payment
:61:2501270127CD27,84NTRFTRA2025139//FT2502731246    
Transfer
:61:2501280127CD1080,00NTRFFT2502731637//FT2502731637    
Outward Telex Payment
:61:2501280127CD1080,00NTRFFT2502731640//FT2502731640    
Outward Telex Payment
:61:2501270127CD2200000,00NTRF2502613404420000//FT2502736644    
Outward Telex Payment
:61:2501280127CD800000,00NTRFTRUSD270125/1//FT2502736642    
Outward Telex Payment
:61:2501280127DD72854,60NTRFTRDIMP202545//FT2502731336    
Outward Telex Payment
:61:2501280127DD59544,80NTRFTRD2025141//FT2502731341    
Outward Telex Payment
:62M:C250127USD3924868,55
-}{5:{CHK:80D05516D30D}}{S:{COP:S}}