{1:F21ATLDTNTTAXXX8855742653}{4:{177:2501290802}{451:0}}{1:F01ATLDTNTTAXXX8855742653}{2:O9500719250129BCTNTNTTAXXX05474305462501290803N}{4:
:20:R1209966550S2901
:25:4027 026 840
:28C:03521/001
:60F:C250127USD1354448,45
:61:250128D939900,00NMSCTRD2025148      //L211280125210103
VRSW FAVEUR 005 REF: TRD2025148
:61:250128D65600,00NMSCTRA2025297      //L211280125210104
VRSW FAVEUR 008 REF: TRA2025297
:61:250128D2193,60NMSCTRA2025296      //L211280125210105
VRSW FAVEUR 004 REF: TRA2025296
:61:250128D539156,84NMSCCEX2024093-02   //L211280125210106
VRSW FAVEUR 007 REF: CEX2024093-02
:61:250128D58700,00NMSCTRD2025165      //L211280125210107
VRSW FAVEUR 012 REF: TRD2025165
:61:250128D27900,00NMSCTRD2025166      //L211280125210108
VRSW FAVEUR 008 REF: TRD2025166
:61:250128D42822,97NMSCTRD2025167      //L211280125210110
VRSW FAVEUR 008 REF: TRD2025167
:61:250128D14515,00NMSCTRA2024298      //L211280125210111
VRSW FAVEUR 004 REF: TRA2024298
:61:250128D99389,38NMSCTRA2025307      //L211280125210112
VRSW FAVEUR 004 REF: TRA2025307
:61:250128D25,00NMSCTRA2025142      //L211280125210113
VRSW FAVEUR 014 REF: TRA2025142
:61:250128D900,00NMSCWAH2025073      //L211280125210115
VRSW FAVEUR 008 REF: WAH2025073
:61:250128D2006,00NMSCWAH2025074      //L211280125210116
VRSW FAVEUR 004 REF: WAH2025074
:61:250128D580,00NMSCWAH2025075      //L211280125210117
VRSW FAVEUR 004 REF: WAH2025075
:61:250128D122696,41NMSCCEX2024689      //L211280125210118
VRSW FAVEUR 008 REF: CEX2024689
:61:250128D1400,00NMSCNON-REFERENCE   //KA22280125210259
COM./RETRAIT BBE CHQ NU 7910853 US
:61:250128D700000,00NMSCNON-REFERENCE   //KA22280125210259
RETRAIT BBE 700000 USD CHQ NU 7910
:62M:D250128USD1263336,75
-}{5:{CHK:A7C37C18077D}}{S:{COP:S}}