{1:F21ATLDTNTTAXXX8854742391}{4:{177:2501280802}{451:0}}{1:F01ATLDTNTTAXXX8854742391}{2:O9500531250128AREBESMMAXXX00239009392501280803N}{3:{108:2502826VZT34000}}{4:
:20:20250127-360
:25:5000003016
:28C:360/1
:60F:C250126USD4094553,14
:61:2501270127CD29291,00NTRFJAMBLYLTXXX     //FT250272HK4J    
Payment Order
:61:2501270127CD8257,91NTRFJAMBLYLTXXX     //FT250272HWC3    
Payment Order
:61:2501280127CD459,12NCHGNONREF          //5000003016      
REMUNERATION
:62F:C250127USD4132561,17
:64:C250127USD4132561,17
-}{5:{CHK:CCC7DEE99471}{DLM:}}{S:{COP:S}}