{1:F21ATLDTNTTAXXX8855742649}{4:{177:2501290802}{451:0}}{1:F01ATLDTNTTAXXX8855742649}{2:O9500700250129UBAIITRRAXXX92248857732501290803N}{4:
:20:LORO20250128
:25:LOR/000028750291
:28C:18/1
:60F:C250127USD3511791,42
:61:2501280124C524660,NMSC250124CA937523//250124CA937523
:61:2501280124C1049140,NMSC250124CA937532//250124CA937532
:61:2501280124D523680,NMSC250124CA937558//250124CA937558
:61:2501280128C89938,82NMSCS06502723FBD01//S06502723FBD01
:62F:C250128USD4651850,24
-}{5:{CHK:D107766526EC}}{S:{COP:S}}