{1:F21ATLDTNTTAXXX8856742887}{4:{177:2501300800}{451:0}}{1:F01ATLDTNTTAXXX8856742887}{2:O9500531250130AREBESMMAXXX00259016512501300801N}{3:{108:25030W9Q4S16767}}{4:
:20:20250129-362
:25:5000003016
:28C:362/1
:60F:C250128USD4133020,34
:61:2501300129CD459,22NCHGNONREF          //5000003016      
REMUNERATION
:62F:C250129USD4133479,56
:64:C250129USD4133479,56
-}{5:{CHK:A580C4A683D7}{DLM:}}{S:{COP:S}}