{1:F21ATLDTNTTAXXX8854742389}{4:{177:2501280802}{451:0}}{1:F01ATLDTNTTAXXX8854742389}{2:O9500530250128ABCOITMMAXXX82733531082501280803N}{4:
:20:25012700340
:25:210970250101
:28C:00340/00001
:60F:C250121EUR10332,19
:61:2501270127D1000000,NMSC1844033//0747674
MONEY MARKET ROLLOVER NEW 1844033
:61:2501270127D1000000,NMSC1843338//0747676
REV MONEY MARKET  END 1843338
:61:2501270127D554,17NMSC1843338//0747673
REV MONEY MARKET  END 1843338
:61:2501270127C554,17NMSC1843338//0747638
MONEY MARKET  END 1843338
:61:2501270127C554,17NMSC1843338//0747672
MONEY MARKET ROLLOVER END 1843338
:61:2501270127C1000000,NMSC1843338//0747639
MONEY MARKET  END 1843338
:61:2501270127C1000000,NMSC1843338//0747675
MONEY MARKET ROLLOVER END 1843338
:62F:C250127EUR10886,36
-}{5:{CHK:88120D95E1EB}{DLM:}}{S:{COP:S}}