{1:F21ATLDTNTTAXXX8853742228}{4:{177:2501270845}{451:0}}{1:F01ATLDTNTTAXXX8853742228}{2:O9500532250127AREBESMMAXXX00229004702501270846N}{3:{108:250270NR0D86690}}{4:
:20:20250124-359
:25:5000003016
:28C:359/1
:60F:C250123USD7093188,59
:61:2501240124DD3000000,00NTRFNIVFT2502228ZF1 //FT25024X69VL    
Payment Order
:61:2501250124CD454,80NCHGNONREF          //5000003016      
REMUNERATION
:61:2501260124CD454,85NCHGNONREF          //5000003016      
REMUNERATION
:61:2501270124CD454,90NCHGNONREF          //5000003016      
REMUNERATION
:62F:C250126USD4094553,14
:64:C250126USD4094553,14
-}{5:{CHK:448CA8AA9B13}{DLM:}}{S:{COP:S}}