{1:F21ATLDTNTTAXXX8855742654}{4:{177:2501290802}{451:0}}{1:F01ATLDTNTTAXXX8855742654}{2:O9500719250129BCTNTNTTAXXX05474305472501290803N}{4:
:20:R1209966560S2901
:25:4027 026 840
:28C:03521/002
:60M:D250128USD1263336,75
:61:250128D18,60NMSCNON-REFERENCE   //KL02280125210615
COM./VERS.BBE USD
:61:250128C9300,00NMSCNON-REFERENCE   //KL02280125210615
VERSEMENTS B.B.E 9300 USD SUCCURSA
:61:250128D100,00NMSCNON-REFERENCE   //KL02280125210616
COM./VERS.BBE USD
:61:250128C50000,00NMSCNON-REFERENCE   //KL02280125210616
VERSEMENTS B.B.E 50000 USD SUCCURS
:61:250128C1000119,44NMSCNON-REFERENCE   //L221280125210752
REMB./ DEPOT E. 28/01/2025 4.3
:61:250127D1000000,00NMSCNON-REFERENCE   //L221280125210752
V/ DEPOT E. 28/01/2025 4.3
:61:250128C1000000,00NMSC020177/25/000054//L211280125211293
VRSW ORDRE 217 REF: 020177/25/0000
:61:250128D38371,51NMSCCEX2024787-01   //L211280125212395
VRSW FAVEUR 025 REF: CEX2024787-01
:61:250128C500000,00NMSCSDM4104748      //L211280125212398
VRSW ORDRE 007 REF: SDM4104748
:61:250128C442,78NMSCBO202250124001  //L211280125212399
VRSW ORDRE 017 REF: BO202250124001
:62F:C250128USD258035,36
-}{5:{CHK:4DAE46059522}}{S:{COP:S}}