{1:F21ATLDTNTTAXXX7818585824}{4:{177:2102120801}{451:0}}{1:F01ATLDTNTTAXXX7818585824}{2:O9500806210212BMCEESMMAXXX69722266982102120806N}{3:{108:E001613112671671}}{4:
:20:EXT8888000136536
:25:ES1002198601040096601316
:28C:00029/00001
:60F:C210211EUR1161138,51
:61:2102110211D12,00S103PD3921808       //OAR8888000536302
:61:2102110211D3801,41S103PD3921808       //OAR8888000536302
:61:2102100211C10595,58S20203MT210210302484//OAR8888000537193
:61:2102110211D200000,00S202.               //OAR8888000536600
:61:2102110211D1600,00S103TRD2021173      //OAR8888000536507
:61:2102110211D36900,04S103TRD2021171      //OAR8888000536508
:61:2102110211D12,00S103TRD2021172      //OAR8888000536790
:61:2102110211D21056,10S103TRD2021172      //OAR8888000536790
:61:2102110211C12488,00S10307600042T1A0066 //OAR8888000537274
:61:2102110211C14293,00S10307600042T1A0079 //OAR8888000537275
:62F:C210211EUR935133,54
-}{5:{CHK:D438C23CD814}}{S:{COP:S}}