{1:F21ATLDTNTTAXXX8855742647}{4:{177:2501290802}{451:0}}{1:F01ATLDTNTTAXXX8855742647}{2:O9500827250129ATUBTRISAXXX01761272252501290803N}{3:{108:2609567}}{4:
:20:20250128-151
:25:32000029946
:28C:151/1
:60F:C250127USD716774,21
:61:2501280128DD4587,50S202WAH2025076//FT2502800163
Inward 202 Payment
:61:2501280128DD25,00NTRFWAH2025034//FT2502800376
Transfer
:61:2501280128DD25,00NTRFWAH2025023//FT2502800362
Transfer
:61:2501280128DD30,00NTRFWAH2025026//FT2502800364
Transfer
:61:2501280128DD25,00NTRFWAH2025021//FT2502800365
Transfer
:61:2501280128DD25,00NTRFWAH2025019//FT2502800366
Transfer
:61:2501280128DD25,00NTRFWAH2025033//FT2502800369
Transfer
:61:2501280128DD25,00NTRFWAH2025020//FT2502800370
Transfer
:61:2501280128DD30,00NTRFWAH2025024//FT2502800372
Transfer
:61:2501280128DD30,00NTRFWAH2025025//FT2502800374
Transfer
:61:2501280128DD25,00NTRFWAH2025031//FT2502800361
Transfer
:62F:C250128USD711921,71
:64:C250128USD711921,71
-}{5:{CHK:56FC0CB7A3A8}}{S:{COP:S}}