{1:F21ATLDTNTTAXXX8855742659}{4:{177:2501290802}{451:0}}{1:F01ATLDTNTTAXXX8855742659}{2:O9500803250129BMCEESMMAXXX72459197012501290803N}{3:{108:E001738133686898}}{4:
:20:EXT8888000268537
:25:ES1002198601040096601316
:28C:00019/00003
:60M:C250128EUR4122202,75
:61:2501270128C1073,04S103A075325127G7NG55//OAR8888001099229
:61:2501270128C1269,92S103A075325127G7NC3L//OAR8888001099228
:61:2501270128C1081,56S103A075325127G7NFIC//OAR8888001099226
:61:2501280128C1629,12S10303PR250128962398//OAR8888001099501
:62F:C250128EUR4127256,39
-}{5:{CHK:98751FCD8BA8}}{S:{COP:S}}