{1:F21ATLDTNTTAXXX8853742230}{4:{177:2501270845}{451:0}}{1:F01ATLDTNTTAXXX8853742230}{2:O9500700250127UBAIITRRAXXX92228849402501270846N}{4:
:20:LORO20250124
:25:LOR/000028750248
:28C:16/1
:60F:C250123EUR2940377,96
:61:2501240122D85000,NMSC250122CA937180//250122CA937180
:61:2501240123C300000,NMSC250122CA937243//250122CA937243
:61:2501240124D100128,06NMSC.//25012400002699GI
:62F:C250124EUR3055249,9
-}{5:{CHK:08465A46E748}{DLM:}}{S:{COP:S}}