{1:F21ATLDTNTTAXXX8855742874}{4:{177:2501291650}{451:0}}{1:F01ATLDTNTTAXXX8855742874}{2:O9501651250129BCTNTNTTAVGM05474343682501291651N}{3:{113:0040}}{4:
:20:R4165540/SM
:25:00038000401202600002-CCLP
:28C:1/1
:60F:D250129TND215225843,887
:61:2501290129CD140000000,FBOEMC0125012978042G//1047741C
BCTNTNTTVGM/RILMM2
:61:2501290129DD170265436,111FBOEMC0125012977952G//1047715D
ATLDTNTT/ILMM2
:61:2501290129CD218594,444FBOEMC0125012978242G//1047794C
BCTNTNTTVGM/RILMM2
:62F:D250129TND245272685,554
:64:C250129TND35301796,446
-}{5:{CHK:AAB180F3837F}}{S:{COP:S}}