{1:F21ATLDTNTTAXXX8856742912}{4:{177:2501300829}{451:0}}{1:F01ATLDTNTTAXXX8856742912}{2:O9500930250130LAFBLYLTAXXX09794073192501300830N}{3:{108:EN2203697}}{4:
:20:20250129-4589
:25:0000007943
:28C:4589/1
:60F:C250128USD514165,97
:61:2501290129CD17000000,00NLDPMM2502800004//MM2502800004    
Repayment of Principal
:61:2501290129CD1818,06NLDPMM2502800004//MM2502800004    
Payment of Interest
:61:2501290129CD28,02NTRFTRA2025200//FT2502931203    
Transfer
:61:2501290129CD119,00NTRFTRA202444800//FT2502931509    
Transfer
:61:2501300129DD10000000,00NTRFFT250284FYK3//FT2502936618    
Outward Telex Payment
:61:2501290129CD900000,00NTRF2502813368150000//FT2502936614    
Outward Telex Payment
:61:2501290129CD1000000,00NTRFFT250283QL1M//FT2502936619    
Outward Telex Payment
:61:2501290129CD9000,00NTRFFT2502931624//FT2502931624    
Outward Telex Payment
:61:2501290129CD4450,00NTRFFT2502931633//FT2502931633    
Outward Telex Payment
:61:2501290129CD500000,00NTRFTR0045/2025//FT2502936666    
Outward Telex Payment
:61:2501290129CD2375,00NTRFFT2502931609//FT2502931609    
Outward Telex Payment
:61:2501290129CD6684,00NTRFFT2502931650//FT2502931650    
Outward Telex Payment
:61:2501290129CD1481,16NTRFFT2502931645//FT2502931645    
Outward Telex Payment
:61:2501290129CD1000,00NTRFFT2502931670//FT2502931670    
Outward Telex Payment
:61:2501290129CD6684,00NTRFFT2502931658//FT2502931658    
Outward Telex Payment
:61:2501290129CD181,00NTRFFT2502931660//FT2502931660    
Outward Telex Payment
:62M:C250129USD9947986,21
-}{5:{CHK:323FE6A0CF82}}{S:{COP:S}}