{1:F21ATLDTNTTAXXX8853742233}{4:{177:2501270845}{451:0}}{1:F01ATLDTNTTAXXX8853742233}{2:O9500718250127BCTNTNTTAXXX05454229792501270846N}{4:
:20:R1209961670S2701
:25:4010 026 000 N
:28C:03523/001
:60F:C250123TND117173,712
:61:250124D5,000NMSCNON-REFERENCE   //F121240125197570
RECUP. FRAIS 1 EXTRAIT SWIFT DU 24
:61:250124D20,000NMSCNON-REFERENCE   //F121240125197598
RECUP. FRAIS 4 EXTRAIT SWIFT DU 24
:62F:C250124TND117148,712
-}{5:{CHK:251683A83822}}{S:{COP:S}}