{1:F21ATLDTNTTAXXX8855742661}{4:{177:2501290802}{451:0}}{1:F01ATLDTNTTAXXX8855742661}{2:O9500803250129BMCEESMMAXXX72459197242501290803N}{3:{108:E001738133622856}}{4:
:20:EXT8888000268537
:25:ES1002198601040096601316
:28C:00019/00002
:60M:C250128EUR4097432,19
:61:2501270128C1628,50S103A075325127G7N9UM//OAR8888001099167
:61:2501280128C555,61S103A075325127G7NFBF//OAR8888001099172
:61:2501270128C1004,32S103A075325127G7N9UO//OAR8888001099175
:61:2501270128C1573,30S103A075325127G7N9UV//OAR8888001099174
:61:2501270128C1705,86S103A075325127G7N9UW//OAR8888001099116
:61:2501270128C1815,21S103A075325127G7N9V1//OAR8888001099117
:61:2501270128C1003,04S103A075325127G7N9UH//OAR8888001099218
:61:2501270128C1466,32S103A075325127G7NCOX//OAR8888001099220
:61:2501270128C2083,12S103A075325127G7NBVS//OAR8888001099221
:61:2501270128C1273,83S103A075325127G7NC3V//OAR8888001099222
:61:2501270128C569,55S103A075325127G7NERL//OAR8888001099173
:61:2501270128C932,16S103A075325127G7NCO8//OAR8888001099223
:61:2501270128C834,41S103A075325127G7NGQT//OAR8888001099225
:61:2501270128C1163,17S103A075325127G7N9UB//OAR8888001099216
:61:2501270128C1112,57S103A075325127G7N9V2//OAR8888001099217
:61:2501270128C1205,51S103A075325127G7NBTR//OAR8888001099219
:61:2501270128C1365,71S103A075325127G7NFGY//OAR8888001099224
:61:2501270128C1643,92S103A075325127G7NH73//OAR8888001099230
:61:2501270128C1834,45S103A075325127G7NB5M//OAR8888001099227
:62M:C250128EUR4122202,75
-}{5:{CHK:1C80D1B26881}}{S:{COP:S}}