{1:F21ATLDTNTTAXXX8854742396}{4:{177:2501280802}{451:0}}{1:F01ATLDTNTTAXXX8854742396}{2:O9500717250128BCTNTNTTAXXX05464264302501280803N}{4:
:20:R1209963380S2801
:25:4010 026 000 N
:28C:03524/001
:60F:C250124TND117148,712
:61:250127D5,000NMSCNON-REFERENCE   //F121270125204950
RECUP. FRAIS 1 EXTRAIT SWIFT DU 27
:61:250127D15,000NMSCNON-REFERENCE   //F121270125204978
RECUP. FRAIS 3 EXTRAIT SWIFT DU 27
:62F:C250127TND117128,712
-}{5:{CHK:F8F6229713D6}}{S:{COP:S}}