{1:F21ATLDTNTTAXXX8854742392}{4:{177:2501280802}{451:0}}{1:F01ATLDTNTTAXXX8854742392}{2:O9500834250128ATUBTRISAXXX01751268612501280803N}{3:{108:2608786}}{4:
:20:20250127-150
:25:32000029946
:28C:150/1
:60F:C250121USD716914,21
:61:2501270127DD20,00NTRFWAH2025018//FT2502700790
Transfer
:61:2501270127DD20,00NTRFWAH2025017//FT2502700794
Transfer
:61:2501270127DD25,00NTRFWAH2025044//FT2502700798
Transfer
:61:2501270127DD30,00NTRFWAH2025046//FT2502700799
Transfer
:61:2501270127DD20,00NTRFWAH2025048//FT2502700531
Transfer
:61:2501270127DD25,00NTRFWAH2025049//FT2502700534
Transfer
:62F:C250127USD716774,21
:64:C250127USD716774,21
-}{5:{CHK:B7374CCCC449}}{S:{COP:S}}