{1:F21ATLDTNTTAXXX8855742867}{4:{177:2501291649}{451:0}}{1:F01ATLDTNTTAXXX8855742867}{2:O9501650250129BCTNTNTTAVGM05474342702501291650N}{3:{113:0040}}{4:
:20:R4165496/SM
:25:00038000401202600002
:28C:2/8
:60M:C250129TND13707777,072
:61:2501290129CD27464013,015FBOE2025012830788G19//1047447C
BCTNTNTTVGM/DCSIB
:61:2501290129DD8389835,416FBOE17381409622852//1047568D
ATLDTNTT/DVTCN
:61:2501290129CD15000000,FBOEMM2502945249//1047686C
BZITTNTTVGM/VBB
:61:2501290129DD140000000,FBOEMC0125012978041G//1047740D
ATLDTNTT/RILMM2
:61:2501290129CD170000000,FBOEMC0125012977951G//1047714C
BCTNTNTTVGM/ILMM2
:61:2501290129CD17003773,056FBOEVBB2901254287//1047564C
BTEXTNTT/VBB
:61:2501290129DD218594,444FBOEMC0125012978241G//1047793D
ATLDTNTT/RILMM2
:61:2501290129CD124288,FBOE000000260875//1047855C
BHBKTNTT/VBP
:61:2501290129CD41934,109FBOESE012501294023//1047889C
BCTNTNTTVGM/DCCDC
:62M:C250129TND94733355,392
-}{5:{CHK:239C22E451F0}}{S:{COP:S}}