{1:F21ATLDTNTTAXXX8856742914}{4:{177:2501300829}{451:0}}{1:F01ATLDTNTTAXXX8856742914}{2:O9500930250130LAFBLYLTAXXX09794073582501300830N}{3:{108:EN2203698}}{4:
:20:20250129-4589
:25:0000007943
:28C:4589/2
:60M:C250129USD9947986,21
:61:2501290129CD2686,00NTRFFT2502931654//FT2502931654    
Outward Telex Payment
:61:2501290129CD6684,00NTRFFT2502931648//FT2502931648    
Outward Telex Payment
:61:2501300129CD10000,00NTRFFT2502931646//FT2502931646    
Outward Telex Payment
:61:2501290129DD7000000,00NDEPMM2502900010//MM2502900010    
New Deposit
:61:2501290129CD101955,57NTRFTRDIMP2024735//FT2502931604    
Transfer
:61:2501290129CD5699,00NTRFFT2502931640//FT2502931640    
Outward Telex Payment
:61:2501290129CD3308,00NTRFFT2502931652//FT2502931652    
Outward Telex Payment
:61:2501290129CD6688,00NTRFFT2502931642//FT2502931642    
Outward Telex Payment
:61:2501290129CD2597,00NTRFFT2502931655//FT2502931655    
Outward Telex Payment
:61:2501300129DD10035,00NTRFTRDIMP2024733-1//FT2502931319    
Outward Telex Payment
:62F:C250129USD3077568,78
:64:C250129USD3067568,78
-}{5:{CHK:920A87E459F5}}{S:{COP:S}}