{1:F21ATLDTNTTAXXX8854742620}{4:{177:2501281618}{451:0}}{1:F01ATLDTNTTAXXX8854742620}{2:O9501719250128LAFBLYLTAXXX09774064932501281619N}{3:{108:EN2202325}}{4:
:20:20250128-4464
:25:0000031305
:28C:4464/1
:60F:C250127EUR784209,87
:61:2501280128CR7500000,00NLDPMM2502700002//MM2502700002    
Repayment of Principal
:61:2501280128CR541,67NLDPMM2502700002//MM2502700002    
Payment of Interest
:61:2501280128DR7500000,00NDEPMM2502800005//MM2502800005    
New Deposit
:62F:C250128EUR784751,54
:64:C250128EUR784751,54
-}{5:{CHK:B5134A0F5B1A}}{S:{COP:S}}