{1:F21ATLDTNTTAXXX7821586099}{4:{177:2102160817}{451:0}}{1:F01ATLDTNTTAXXX7821586099}{2:O9500822210216BMCEESMMAXXX69732282182102160822N}{3:{108:E001613458772478}}{4:
:20:EXT8888000136809
:25:ES1002198601040096601316
:28C:00031/00001
:60F:C210215EUR876547,19
:61:2102150215C43260,49S20221OUTF0000179   //OAR8888000538033
:61:2102150215C28767,20S20221OUTF0000174   //OAR8888000538034
:61:2102150215C14972,63S20221OUTF0000186   //OAR8888000538035
:61:2102150215C7211,81S20221OUTF0000189   //OAR8888000538036
:61:2102150215C53347,43S20221OUTF0000187   //OAR8888000538037
:61:2102150215C126002,81S20221OUTF0000176   //OAR8888000538028
:61:2102110215C307,00S103IH1002003511780 //OAR8888000537273
:61:2102110215C188,00S103AP85302102100035//OAR8888000537517
:61:2102110215C1497,73S103210211960084J096//OAR8888000537656
:61:2102120215D58,00S103TRD2021185      //OAR8888000537426
:61:2102120215D58000,00S103TRD2021185      //OAR8888000537426
:61:2102120215D14828,40S103TRDIMP202157    //OAR8888000537525
:61:2102150215D30410,00S103TRD2021184      //OAR8888000537663
:61:2102150215D8217,50S103TRDIMP202161    //OAR8888000537719
:61:2102120215C17031,90S103GER016243043    //OAR8888000537876
:61:2102120215C415,24S1033101528916      //OAR8888000537893
:61:2102120215C153711,00S1030199387104300CYD//OAR8888000538007
:62F:C210215EUR1211746,53
-}{5:{CHK:A40235070AF3}}{S:{COP:S}}