{1:F21ATLDTNTTAXXX8855742652}{4:{177:2501290802}{451:0}}{1:F01ATLDTNTTAXXX8855742652}{2:O9500719250129BCTNTNTTAXXX05474305442501290803N}{4:
:20:R1209966570S2901
:25:4027 026 978
:28C:03482/001
:60F:C250127EUR63914219,74
:61:250128C5086,83NMSCAXT20230000083  //L211280125210092
VRSW ORDRE 005 REF: AXT20230000083
:61:250128D26000,00NMSCTRD2025163      //L211280125210109
VRSW FAVEUR 005 REF: TRD2025163
:61:250128D20,00NMSCTRA2025247      //L211280125210114
VRSW FAVEUR 010 REF: TRA2025247
:61:250127D62500000,00NMSCNON-REFERENCE   //L221280125210763
V/ DEPOT E. 28/01/2025 2.9
:61:250128C62505034,72NMSCNON-REFERENCE   //L221280125210763
REMB./ DEPOT E. 28/01/2025 2.9
:61:250128D27007,87NMSCCEX2024661      //L211280125211223
VRSW FAVEUR 007 REF: CEX2024661
:62F:C250128EUR63871313,42
-}{5:{CHK:98E6672CBBC2}}{S:{COP:S}}