{1:F21ATLDTNTTAXXX8854742397}{4:{177:2501280802}{451:0}}{1:F01ATLDTNTTAXXX8854742397}{2:O9500719250128BCTNTNTTAXXX05464265782501280803N}{4:
:20:R1209964900S2801
:25:4027 026 840
:28C:03520/001
:60F:C250124USD2164318,34
:61:250127C141300,00NMSCTNSM50124H000235//L211270125204394
VRSW ORDRE 001 REF: TNSM50124H0002
:61:250127C11000,00NMSCFT25023512080865//L211270125204445
VRSW ORDRE 008 REF: FT250235120808
:61:250127C50,00NMSCFT25024726078859//L211270125204469
VRSW ORDRE 008 REF: FT250247260788
:61:250127C220000,00NMSCFT25023750568697//L211270125204477
VRSW ORDRE 008 REF: FT250237505686
:61:250127C50,00NMSCCOM20250000506  //L211270125204640
VRSW ORDRE 005 REF: COM20250000506
:61:250127C57800,00NMSCCOM20250001339  //L211270125204651
VRSW ORDRE 005 REF: COM20250001339
:61:250127D4400,00NMSCWAH2025072      //L211270125204680
VRSW FAVEUR 033 REF: WAH2025072
:61:250127D4860,00NMSCZAL2025001      //L211270125204681
VRSW FAVEUR 217 REF: ZAL2025001
:61:250127D5603,00NMSCTRD2025154      //L211270125204683
VRSW FAVEUR 008 REF: TRD2025154
:61:250127D25748,02NMSCCEX2024762      //L211270125204684
VRSW FAVEUR 005 REF: CEX2024762
:61:250127D2000,00NMSCTRA20244855     //L211270125204685
VRSW FAVEUR 008 REF: TRA20244855
:61:250127D200000,00NMSCTRA2025285      //L211270125204687
VRSW FAVEUR 008 REF: TRA2025285
:61:250127D27,82NMSCTRA2025164      //L211270125204689
VRSW FAVEUR 008 REF: TRA2025164
:61:250127D999789,38NMSCTRA2025319      //L211270125206156
VRSW FAVEUR 004 REF: TRA2025319
:61:250127C1000358,33NMSCNON-REFERENCE   //L221270125206283
REMB./ DEPOT E. 27/01/2025 4.3
:61:250124D1000000,00NMSCNON-REFERENCE   //L221270125206283
V/ DEPOT E. 27/01/2025 4.3
:62M:C250127USD1352448,45
-}{5:{CHK:0B3D157D8422}}{S:{COP:S}}