{1:F21ATLDTNTTAXXX7821586089}{4:{177:2102160737}{451:0}}{1:F01ATLDTNTTAXXX7821586089}{2:O9501951210215BACMGB2LAXXX09355091332102160742N}{3:{108:21047HK51034665}}{4:
:20:20210215-557
:25:00109476
:28C:557/1
:60F:C210214USD1303373,87
:62F:C210215USD1303373,87
:64:C210215USD1303373,87
-}{5:{CHK:E4B552EFD2E9}{DLM:}}{S:{COP:S}}${1:F21ATLDTNTTAXXX7821586090}{4:{177:2102160737}{451:0}}{1:F01ATLDTNTTAXXX7821586090}{2:O9500702210216UTUBFRPPAPYR77813733292102160742N}{3:{108:1940617998.18}}{4:
:20:20210215-2180
:25:16129002535
:28C:2180/1
:60F:C210214EUR286376,85
:62F:C210215EUR286376,85
:64:C210215EUR286376,85
-}{5:{CHK:46D2A1D7A540}}{S:{COP:S}}${1:F21ATLDTNTTAXXX7821586091}{4:{177:2102160737}{451:0}}{1:F01ATLDTNTTAXXX7821586091}{2:O9500716210216BCTNTNTTAXXX94985053242102160742N}{4:
:20:R1209924850S1602
:25:4010 026 000 N
:28C:02531/001
:60F:C210212TND808359,358
:61:210215D5,000NMSCNON-REFERENCE   //F121150221493707
RECUP. FRAIS 1 EXTRAIT SWIFT DU 15
:61:210215D10,000NMSCNON-REFERENCE   //F121150221493734
RECUP. FRAIS 2 EXTRAIT SWIFT DU 15
:61:210215C100000,000NMSCNON-REFERENCE   //KA21150221495841
V.ESP. IBS C.TUNIS 15/02/2021
:62F:C210215TND908344,358
-}{5:{CHK:2E28B6AC0DE8}}{S:{COP:S}}${1:F21ATLDTNTTAXXX7821586092}{4:{177:2102160737}{451:0}}{1:F01ATLDTNTTAXXX7821586092}{2:O9500718210216BCTNTNTTAXXX94985054302102160742N}{4:
:20:R1209925910S1602
:25:4027 026 840
:28C:02529/001
:60F:C210212USD20469813,95
:61:210216C20000122,22NMSCNON-REFERENCE   //L221150221494466
REMB./ DEPOT E. 16/02/2021 0.055
:61:210212D20000000,00NMSCNON-REFERENCE   //L221150221494466
V/ DEPOT E. 16/02/2021 0.055
:62F:C210215USD20469936,17
-}{5:{CHK:C51A444E2324}}{S:{COP:S}}${1:F21ATLDTNTTAXXX7821586093}{4:{177:2102160737}{451:0}}{1:F01ATLDTNTTAXXX7821586093}{2:O9500718210216BCTNTNTTAXXX94985054312102160742N}{4:
:20:R1209925920S1602
:25:4027 026 978
:28C:02488/001
:60F:C210212EUR360597,05
:61:210215C1146,00NMSCFT21043122124028//L211150221493907
VRSW ORDRE 008 REF: FT210431221240
:61:210215C15002187,50NMSCSDM3437401      //L211150221493991
VRSW ORDRE 014 REF: SDM3437401
:61:210215C2500104,17NMSCSDM3445340      //L211150221493996
VRSW ORDRE 014 REF: SDM3445340
:61:210215D579000,00NMSCTRD2021189      //L211150221494028
VRSW FAVEUR 004 REF: TRD2021189
:61:210215D39,33NMSCTRD2021151      //L211150221494029
VRSW FAVEUR 004 REF: TRD2021151
:61:210215D50000,00NMSCTRD2021186      //L211150221494030
VRSW FAVEUR 032 REF: TRD2021186
:61:210215D6500000,00NMSCMM2104612520    //L211150221496089
VRSW FAVEUR 014 REF: MM2104612520
:61:210215D10000000,00NMSCMM2104612519    //L211150221496090
VRSW FAVEUR 014 REF: MM2104612519
:62F:C210215EUR734995,39
-}{5:{CHK:451486B37986}}{S:{COP:S}}