{1:F21ATLDTNTTAXXX8855742869}{4:{177:2501291649}{451:0}}{1:F01ATLDTNTTAXXX8855742869}{2:O9501650250129BCTNTNTTAVGM05474342722501291650N}{3:{113:0040}}{4:
:20:R4165680/SM
:25:00038000401202600002
:28C:4/8
:60M:C250129TND67099348,012
:61:2501290129CD136306,855FBOE290125167//1048364C
BNTETNTT/VBP
:61:2501290129CD1500000,FBOE20250129T0000450//1048382C
BTKOTNTT/DVTCB
:61:2501290129CD148399,45FBOE290125149//1048418C
BNTETNTT/VBP
:61:2501290129DD170000,FBOEFT250297XL9X//1048467D
ATLDTNTT/VBP
:61:2501290129DD560000,FBOEFT25029T7KZY//1048468D
ATLDTNTT/VBP
:61:2501290129DD100000,FBOEFT25029N2M5W//1048471D
ATLDTNTT/VBP
:61:2501290129DD500000,FBOEFT25029LKWPY//1048475D
ATLDTNTT/VBP
:61:2501290129CD220000,FBOEBCTNB0260129B056//1048477C
BCTNTNTTVGM/VERES
:62M:C250129TND67774054,317
-}{5:{CHK:CAD21F793489}}{S:{COP:S}}