{1:F21ATLDTNTTAXXX8853742378}{4:{177:2501271648}{451:0}}{1:F01ATLDTNTTAXXX8853742378}{2:O9501649250127BCTNTNTTAVGM05454261582501271649N}{3:{113:0040}}{4:
:20:R4154488/SM
:25:00038000401202600002
:28C:5/5
:60M:C250127TND7549514,518
:61:2501270127CD400704,6FBOEFE0225012776380G//1045536C
BCTNTNTTVGM/VTCCI
:61:2501270127DD6000000,FBOEMC0125012776450G//1045560D
ATLDTNTT/PLMM
:62F:C250127TND1950219,118
:64:C250127TND1950219,118
-}{5:{CHK:187438E3FFD9}}{S:{COP:S}}