{1:F21ATLDTNTTAXXX8854742631}{4:{177:2501281650}{451:0}}{1:F01ATLDTNTTAXXX8854742631}{2:O9501651250128BCTNTNTTAVGM05464301282501281651N}{3:{113:0040}}{4:
:20:R4159671/SM
:25:00038000401202600002
:28C:2/6
:60M:C250128TND7800421,712
:61:2501280128CD5061,FBOEBCTNB0330128B041//1046188C
BCTNTNTTVGM/VERES
:61:2501280128CD434,94FBOEBCTNB0330128B042//1046194C
BCTNTNTTVGM/VERES
:61:2501280128CD3500776,806FBOEVGM0000000145169//1046220C
CFCTTNTT/VBB
:61:2501280128CD2601,67FBOETN2BBTN250280003//1046226C
CITITNTXONS/VBB
:61:2501280128DD100000,FBOEBCTNB0280128B118//1046257D
ATLDTNTT/RETES
:61:2501280128CD15000000,FBOEMM2502874808//1046266C
BZITTNTTVGM/VBB
:61:2501280128CD4000000,FBOE00010567006625//1046310C
BSTUTNTTINT/VBP
:61:2501280128CD401,FBOESE012501283923//1046358C
BCTNTNTTVGM/DCCDC
:62M:C250128TND30209697,128
-}{5:{CHK:C7165BE19F23}}{S:{COP:S}}