{1:F21ATLDTNTTAXXX8856742888}{4:{177:2501300800}{451:0}}{1:F01ATLDTNTTAXXX8856742888}{2:O9500700250130UBAIITRRAXXX92258861692501300801N}{4:
:20:LORO20250129
:25:LOR/000028750248
:28C:19/1
:60F:C250128EUR2055549,9
:61:2501290127C115000,NMSC250127CA937649//250127CA937649
:61:2501290129C15000000,NMSCCOVFT25027Y36G1//TFMI114109150129
:61:2501290129C500000,NMSCFT25028K79Q7//25012900001069GI
:62F:C250129EUR17670549,9
-}{5:{CHK:3C81714300E2}}{S:{COP:S}}