{1:F21ATLDTNTTAXXX8853742374}{4:{177:2501271648}{451:0}}{1:F01ATLDTNTTAXXX8853742374}{2:O9501649250127BCTNTNTTAVGM05454261542501271649N}{3:{113:0040}}{4:
:20:R4154181/SM
:25:00038000401202600002
:28C:1/5
:60F:C250127TND2712028,504
:61:2501270127CD4287,FBOESP0525012775460G//1044101C
BCTNTNTTVGM/VTCB4
:61:2501270127CD62227,931FBOE250124093812G17//1044200C
BCTNTNTTVGM/DCSMT
:61:2501270127DD18609,591FBOE2025012420788G19//1044266D
ATLDTNTT/DDSIB
:61:2501270127CD2033794,869FBOE2025012440788G19//1044316C
BCTNTNTTVGM/DCSIB
:61:2501270127CD231353,09FBOEFT25027445940521//1044379C
BIATTNTTVGM/VBP
:61:2501270127DD742698,667FBOE17379687590882//1044441D
ATLDTNTT/DVTCN
:61:2501270127CD19469800,205FBOE2025012430788G19//1044291C
BCTNTNTTVGM/DCSIB
:61:2501270127DD5261,1FBOESE012501273724//1044725D
ATLDTNTT/DDCDC
:62M:C250127TND23746922,241
-}{5:{CHK:F8920D688183}}{S:{COP:S}}