{1:F21ATLDTNTTAXXX7820586059}{4:{177:2102151650}{451:0}}{1:F01ATLDTNTTAXXX7820586059}{2:O9501654210215BCTNTNTTAVGM94975052802102151655N}{3:{113:RTGS}{108:10066903}}{4:
:20:10066903
:25:00038000401202600002
:28C:1/2
:60F:C210215TND105983,664
:61:2102150215CD163787,688FBOESE10210215161226//10066433
BCTNTNTTVGM/DCSB2/I/1/0
:61:2102150215DD3000000,000FBOEMM2104612524//10066365
ATLDTNTT/VBB/S/4/0
:61:2102150215CD2685582,424FBOESE30210215157426//10066309
BCTNTNTTVGM/DCSIB/I/1/0
:61:2102150215DD1000000,000FBOEMM2104612523//10066166
ATLDTNTT/VBB/S/4/0
:61:2102150215DD7000000,000FBOEMM2104612521//10066162
ATLDTNTT/VBB/S/4/0
:61:2102150215DD6000000,000FBOEMM2104612516//10066042
ATLDTNTT/VBB/S/4/0
:61:2102150215CD11697,050FBOETN2BBTN210460005//10066025
CITITNTXONS/VBB/S/4/0
:61:2102150215CD1002,000FBOESE06210215159526//10065748
BCTNTNTTVGM/DCCDC/I/1/0
:61:2102150215DD700,000FBOESE05210215159626//10065719
BCTNTNTTVGM/DDCDC/I/1/0
:61:2102150215DD15919,102FBOESE01210215159726//10065697
BCTNTNTTVGM/DDCDC/I/1/0
:61:2102150215CD10000000,000FBOEMM2104606209//10065556
BIATTNTTVGM/VBB/S/4/0
:61:2102150215DD100000,000FBOEFT21046DMM6N//10065471
ATLDTNTT/VBP/S/5/0
:61:2102150215CD15000000,000FBOEMM2104692214//10065236
BZITTNTTVGM/VBB/S/4/0
:61:2102150215DD243180,000FBOESGMT-59533//10065155
ATLDTNTT/VBB/S/4/0
:61:2102150215DD15096875,000FBOEMM2034912230//10065233
ATLDTNTT/VBB/S/4/0
:61:2102150215DD10013708,333FBOEMM2103912487//10065129
ATLDTNTT/VBB/S/4/0
:61:2102150215CD4502343,750FBOE15022118//10065033
BNTETNTT/VBB/S/4/0
:62M:D210215TND9999985,859
-}{5:{CHK:F6D3F0FC1ECD}}{S:{COP:S}}${1:F21ATLDTNTTAXXX7820586060}{4:{177:2102151650}{451:0}}{1:F01ATLDTNTTAXXX7820586060}{2:O9501655210215BCTNTNTTAVGM94975052812102151655N}{3:{113:RTGS}{108:10066904}}{4:
:20:10066904
:25:00038000401202600002
:28C:2/2
:60M:D210215TND9999985,859
:61:2102150215CD18591,922FBOESE94210215159226//10064974
BCTNTNTTVGM/DCSMT/I/1/0
:61:2102150215CD7003645,833FBOEVGM0000000112543//10064697
CFCTTNTT/VBB/S/4/0
:61:2102150215CD2985737,684FBOESE40210215157526//10064640
BCTNTNTTVGM/DCSIB/I/1/0
:61:2102150215DD13699,983FBOESE20210215157326//10064559
BCTNTNTTVGM/DDSIB/I/1/0
:61:2102150215CD215100,000FBOEFT21046558824889//10064447
BIATTNTTVGM/VBP/S/5/0
:62F:C210215TND209389,597
:64:C210215TND209389,597
-}{5:{CHK:A4540148658C}}{S:{COP:S}}