{1:F21ATLDTNTTAXXX8853742375}{4:{177:2501271648}{451:0}}{1:F01ATLDTNTTAXXX8853742375}{2:O9501649250127BCTNTNTTAVGM05454261552501271649N}{3:{113:0040}}{4:
:20:R4154316/SM
:25:00038000401202600002
:28C:2/5
:60M:C250127TND23746922,241
:61:2501270127DD4000,FBOESE022501273723//1044748D
ATLDTNTT/DDCDC
:61:2501270127CD6000000,FBOEMM2502791180//1044832C
BZITTNTTVGM/VBB
:61:2501270127DD20013316,667FBOEMM2502422509//1044864D
ATLDTNTT/VBB
:61:2501270127CD901,63FBOETN2BBTN250270004//1044871C
CITITNTXONS/VBB
:61:2501270127CD2453485,995FBOE17379792607471//1044895C
BCTNTNTTVGM/DVTCN
:61:2501270127DD10006658,333FBOEMM2502422502//1044866D
ATLDTNTT/VBB
:61:2501270127CD310000,FBOEVGM0000000145138//1044921C
CFCTTNTT/VBP
:62M:C250127TND2487334,866
-}{5:{CHK:6957B2743939}}{S:{COP:S}}