{1:F21ATLDTNTTAXXX7817585805}{4:{177:2102111700}{451:0}}{1:F01ATLDTNTTAXXX7817585805}{2:O9501705210211BCTNTNTTAVGM94955008782102111705N}{3:{113:RTGS}{108:10061013}}{4:
:20:10061013
:25:00038000401202600002
:28C:1/2
:60F:C210211TND107733,959
:61:2102110211DD4300000,000FBOEMM2104212509//10060547
ATLDTNTT/VBB/S/4/0
:61:2102110211CD59010,471FBOESE10210211153326//10060293
BCTNTNTTVGM/DCSB2/I/1/0
:61:2102110211CD11332,380FBOETN2BBTN210420009//10060116
CITITNTXONS/VBB/S/4/0
:61:2102110211DD7000000,000FBOEMM2104212507//10060232
ATLDTNTT/VBB/S/4/0
:61:2102110211CD750130,208FBOETDT 129740//10059915
NOAFTNTT/VBB/S/4/0
:61:2102110211DD10277269,097FBOESE30210211152326//10059651
BCTNTNTTVGM/DDSIB/I/1/0
:61:2102110211CD900000,000FBOESP0121021119470G//10059606
BCTNTNTTVGM/TLOR/S/2/0
:61:2102110211CD4800830,667FBOE11022152//10059376
BNTETNTT/VBB/S/4/0
:61:2102110211CD30860,590FBOESE94210211152526//10059260
BCTNTNTTVGM/DCSMT/I/1/0
:61:2102110211DD5887,217FBOESE01210211153026//10059236
BCTNTNTTVGM/DDCDC/I/1/0
:61:2102110211DD10376,305FBOESE05210211152926//10059102
BCTNTNTTVGM/DDCDC/I/1/0
:61:2102110211CD253996,091FBOESE40210211152426//10058946
BCTNTNTTVGM/DCSIB/I/1/0
:61:2102110211DD157649,850FBOEFT210427R2DQ//10058836
ATLDTNTT/VBP/S/5/0
:61:2102110211CD6001058,333FBOE77-21-067 FG//10060231
TUIBTNTT/VBB/S/4/0
:61:2102110211CD656700,000FBOESDM197122//10058537
BTBKTNTTVGM/VBB/S/4/0
:61:2102110211DD76197,595FBOESE20210211152226//10058470
BCTNTNTTVGM/DDSIB/I/1/0
:61:2102110211CD100000,000FBOEFT21042803110260//10058433
BIATTNTTVGM/VBP/S/5/0
:62M:D210211TND8155727,365
-}{5:{CHK:58F11914101D}}{S:{COP:S}}${1:F21ATLDTNTTAXXX7817585806}{4:{177:2102111700}{451:0}}{1:F01ATLDTNTTAXXX7817585806}{2:O9501705210211BCTNTNTTAVGM94955008792102111705N}{3:{113:RTGS}{108:10061014}}{4:
:20:10061014
:25:00038000401202600002
:28C:2/2
:60M:D210211TND8155727,365
:61:2102110211CD254860,000FBOESE98210211152626//10058393
BCTNTNTTVGM/DCST1/I/1/0
:61:2102110211CD8001384,444FBOEVGM0000000112495//10058177
CFCTTNTT/VBB/S/4/0
:62F:C210211TND100517,079
:64:C210211TND100517,079
-}{5:{CHK:A9A1C5C96522}}{S:{COP:S}}