{1:F21ATLDTNTTAXXX8854742390}{4:{177:2501280802}{451:0}}{1:F01ATLDTNTTAXXX8854742390}{2:O9500531250128AREBESMMAXXX00239009222501280803N}{3:{108:2502823CY022196}}{4:
:20:20250127-881
:25:3000000315
:28C:881/1
:60F:C250126EUR1149160,89
:61:2501270127CR50,00NMSC03BV250124327705//BNK25027BGDJGBGK
SWIFT Payment
:61:2501270127CR50,00NMSC03BV250124327534//BNK25027DLFKKMGD
SWIFT Payment
:61:2501270127DR245577,00NMSCTRD2025158      //BNK25027K0JBGMMF
SWIFT Payment
:61:2501270127DR25,00NTRFTRD2025156      //BNK25027K0JF0KGF
Sweep Debit
:61:2501270127DR1634,00NTRFTRD2025156      //BNK25027K0JF0KGF
Sweep Debit
:61:2501270127DR12998,88NMSCTRDIMP202547    //BNK25027BLMMDGBC
SWIFT Payment
:61:2501270127DR32122,00NMSCTRD2025157      //BNK25027DJ0DLF00
SWIFT Payment
:61:2501270127DR150384,12NMSCTRDIMP202553    //BNK25027GGLBDMHD
SWIFT Payment
:61:2501280127CR52,99NCHGNONREF          //3000000315      
REMUNERATION
:62F:C250127EUR706572,88
:64:C250127EUR706572,88
-}{5:{CHK:A099C7C8809F}{DLM:}}{S:{COP:S}}