{1:F21ATLDTNTTAXXX8856742891}{4:{177:2501300800}{451:0}}{1:F01ATLDTNTTAXXX8856742891}{2:O9500717250130BCTNTNTTAXXX05484345732501300802N}{4:
:20:R1209966900S3001
:25:4010 026 000 N
:28C:03526/001
:60F:C250128TND116869,712
:61:250129D10,000NMSCCOVFT25027Y36G1 //L211290125212691
RECUP. FRAIS SWIFT EUR 15000000 MS
:61:250129D5,000NMSCNON-REFERENCE   //F121290125215126
RECUP. FRAIS 1 EXTRAIT SWIFT DU 29
:61:250129D15,000NMSCNON-REFERENCE   //F121290125215154
RECUP. FRAIS 3 EXTRAIT SWIFT DU 29
:62F:C250129TND116839,712
-}{5:{CHK:C66A3B3CA021}}{S:{COP:S}}