{1:F21ATLDTNTTAXXX8853742227}{4:{177:2501270845}{451:0}}{1:F01ATLDTNTTAXXX8853742227}{2:O9500709250127CAYTTRISAXXX48213444552501270846N}{3:{108:5006122696 }}{4:
:20:887SWE25022223
:25:TR190014300000000009238394
:28C:17/1
:60F:C250124USD603866,47
:61:2501240124D0,50NTRF3868474332
MT900/MT910 Charge
:61:2501240124C47600,00NTRF887VTR25000728
TRF20250124-01 ATLDTNTTXXX
:61:2501240124D5,00NTRF3868474333
TRF20250124-01 ATLDTNTTXXX
:62F:C250124USD651460,97
-}{5:{CHK:835117679668}{DLM:}}{S:{COP:S}}