{1:F21ATLDTNTTAXXX7818585817}{4:{177:2102120740}{451:0}}{1:F01ATLDTNTTAXXX7818585817}{2:O9500703210212UTUBFRPPAPYR77803732262102120745N}{3:{108:1940218002.22}}{4:
:20:20210211-2178
:25:16129002535
:28C:2178/1
:60F:C210210EUR286376,85
:62F:C210211EUR286376,85
:64:C210211EUR286376,85
-}{5:{CHK:B25261D722C4}}{S:{COP:S}}${1:F21ATLDTNTTAXXX7818585818}{4:{177:2102120740}{451:0}}{1:F01ATLDTNTTAXXX7818585818}{2:O9500717210212BCTNTNTTAXXX94965009452102120745N}{4:
:20:R1209921430S1202
:25:4010 026 000 N
:28C:02529/001
:60F:C210210TND907674,458
:61:210211D900000,000NMSCNON-REFERENCE   //KA21110221485734
VIRT P/ALIMENTATION CPTE DE REGLEM
:61:210211D5,000NMSCNON-REFERENCE   //F121110221486492
RECUP. FRAIS 1 EXTRAIT SWIFT DU 11
:61:210211D15,000NMSCNON-REFERENCE   //F121110221486520
RECUP. FRAIS 3 EXTRAIT SWIFT DU 11
:61:210211C719,900NMSCNON-REFERENCE   //KC01110221486800
VERSEMENT BBE 1000 SAR SUCCURSALE
:61:210211C100000,000NMSCNON-REFERENCE   //KL02110221487168
V.ESP. IBS SUCCURSALE MEDENINE 11/
:61:210211C770000,000NMSCNON-REFERENCE   //KA21110221487534
V.ESP. IBS C.TUNIS 11/02/2021
:62F:C210211TND878374,358
-}{5:{CHK:0EE01F5D4FCF}}{S:{COP:S}}${1:F21ATLDTNTTAXXX7818585819}{4:{177:2102120740}{451:0}}{1:F01ATLDTNTTAXXX7818585819}{2:O9500718210212BCTNTNTTAXXX94965010632102120745N}{4:
:20:R1209922610S1202
:25:4027 026 840
:28C:02527/001
:60F:C210210USD20782891,59
:61:210211C74480,57NMSCFT21040359823126//L211110221485191
VRSW ORDRE 008 REF: FT210403598231
:61:210211C41500,00NMSCTNSM10210H000194//L211110221485330
VRSW ORDRE 001 REF: TNSM10210H0001
:61:210211C20,00NMSCCOM20210001571  //L211110221485366
VRSW ORDRE 005 REF: COM20210001571
:61:210211D124977,93NMSCTRAEXP202139    //L211110221485394
VRSW FAVEUR 008 REF: TRAEXP202139
:61:210211C22410,00NMSCSPOT6210069     //L211110221485603
VRSW ORDRE 004 REF: SPOT6210069
:61:210210D20500000,00NMSCNON-REFERENCE   //L221110221486373
V/ DEPOT E. 11/02/2021 0.055
:61:210211C20500031,32NMSCNON-REFERENCE   //L221110221486373
REMB./ DEPOT E. 11/02/2021 0.055
:61:210211C53300,00NMSCNON-REFERENCE   //KC01110221486810
VERSEMENTS B.B.E 53300 USD SUCCURS
:61:210211D106,60NMSCNON-REFERENCE   //KC01110221486810
COM./VERS.BBE USD
:62F:C210211USD20849548,95
-}{5:{CHK:8405C1DB13A6}}{S:{COP:S}}${1:F21ATLDTNTTAXXX7818585820}{4:{177:2102120740}{451:0}}{1:F01ATLDTNTTAXXX7818585820}{2:O9500718210212BCTNTNTTAXXX94965010642102120745N}{4:
:20:R1209922620S1202
:25:4027 026 978
:28C:02486/001
:60F:C210210EUR1059518,22
:61:210211C24066,66NMSC00049TRF21003467//L211110221485176
VRSW ORDRE 012 REF: 00049TRF210034
:61:210211C3000041,67NMSCSDM3441897      //L211110221485388
VRSW ORDRE 014 REF: SDM3441897
:61:210211D65052,26NMSCTRDIMP202154    //L211110221485391
VRSW FAVEUR 005 REF: TRDIMP202154
:61:210211D336625,02NMSCTRDIMP202155    //L211110221485392
VRSW FAVEUR 001 REF: TRDIMP202155
:61:210211D377376,05NMSCTRDIMP2020156   //L211110221485393
VRSW FAVEUR 008 REF: TRDIMP2020156
:61:210211C3600,00NMSCOPF21/52164     //L211110221485419
VRSW ORDRE 010 REF: OPF21/52164
:61:210211D3000000,00NMSCMM2104212506    //L211110221487568
VRSW FAVEUR 014 REF: MM2104212506
:62F:C210211EUR308173,22
-}{5:{CHK:AE6A659F2ED7}}{S:{COP:S}}