{1:F21ATLDTNTTAXXX8854742409}{4:{177:2501280812}{451:0}}{1:F01ATLDTNTTAXXX8854742409}{2:O9500813250128BMCEESMMAXXX72459190342501280813N}{3:{108:E001738047250660}}{4:
:20:EXT8888000268404
:25:ES1002198601040096601316
:28C:00018/00001
:60F:C250127EUR3787960,57
:61:2501240127C233930,00S1034878125123600800//OAR8888001098498
:61:2501240127C9526,11S103ALT51O0009U93706//OAR8888001098552
:61:2501240127C25484,27S103ALT51O0009P6E706//OAR8888001098553
:61:2501270127D1970,15S910OAR0601000031469
:61:2501230127C875,21S103FTT2699782 01   //OAR8888001098734
:61:2501240127C20108,00S103AZMES24012571668//OAR8888001098783
:61:2501240127C4308,24S103FTT2973796 01   //OAR8888001098889
:61:2501270127D12,00S1032025012775029802//OAR8888001098892
:61:2501270127D4811,25S1032025012775029802//OAR8888001098892
:62F:C250127EUR4075399,00
-}{5:{CHK:37B37B29FAAD}}{S:{COP:S}}