{1:F21ATLDTNTTAXXX8854742630}{4:{177:2501281650}{451:0}}{1:F01ATLDTNTTAXXX8854742630}{2:O9501651250128BCTNTNTTAVGM05464301272501281651N}{3:{113:0040}}{4:
:20:R4159564/SM
:25:00038000401202600002
:28C:1/6
:60F:C250128TND1950219,118
:61:2501280128CD6000000,FBOEMC0125012876650G//1045655C
BCTNTNTTVGM/RPLMM
:61:2501280128CD1166,667FBOEMC0125012876710G//1045663C
BCTNTNTTVGM/RPLMM
:61:2501280128CD304929,848FBOE250127094853G17//1045638C
BCTNTNTTVGM/DCSMT
:61:2501280128CD4173372,838FBOE2025012740788G19//1045825C
BCTNTNTTVGM/DCSIB
:61:2501280128DD222361,331FBOE2025012720788G19//1045775D
ATLDTNTT/DDSIB
:61:2501280128DD1425531,796FBOE2025012730788G19//1045800D
ATLDTNTT/DDSIB
:61:2501280128DD3239443,333FBOE17380548618752//1046001D
ATLDTNTT/DVTCN
:61:2501280128CD258069,701FBOESP0325012877010G//1046087C
BCTNTNTTVGM/VCPP
:62M:C250128TND7800421,712
-}{5:{CHK:BBB63F6C9765}}{S:{COP:S}}