{1:F21ATLDTNTTAXXX8856742889}{4:{177:2501300800}{451:0}}{1:F01ATLDTNTTAXXX8856742889}{2:O9500700250130UBAIITRRAXXX92258861702501300801N}{4:
:20:LORO20250129
:25:LOR/000028750291
:28C:19/1
:60F:C250128USD4651850,24
:61:2501290127D120838,55NMSC250127CA937649//250127CA937649
:61:2501290129C722,25NMSCG1450290748701//G1450290748701
:61:2501290129C49118,NMSCCEX2024727-01//250129GIC38075
:62F:C250129USD4580851,94
-}{5:{CHK:D78781428632}}{S:{COP:S}}