{1:F21ATLDTNTTAXXX8855742873}{4:{177:2501291649}{451:0}}{1:F01ATLDTNTTAXXX8855742873}{2:O9501650250129BCTNTNTTAVGM05474342762501291650N}{3:{113:0040}}{4:
:20:R4165786/SM
:25:00038000401202600002
:28C:8/8
:60M:C250129TND59524516,718
:61:2501290129CD1988411,977FBOE17381619635232//1048841C
BCTNTNTTVGM/DVTCN
:61:2501290129CD20000000,FBOEVBB-BTL-29.01.25//1048869C
WKIBTNTT/VBB
:61:2501290129DD200000,FBOEFT25029KXBRY//1048907D
ATLDTNTT/VBP
:61:2501290129DD3000000,FBOEMM2502922547//1048915D
ATLDTNTT/VBB
:61:2501290129CD150000,FBOEBCTNB0290129B095//1048925C
BCTNTNTTVGM/VERES
:61:2501290129DD72000000,FBOEMM2502922548//1048929D
ATLDTNTT/VBB
:61:2501290129DD4000000,FBOEMM2502922549//1048931D
ATLDTNTT/VBB
:62F:C250129TND2462928,695
:64:C250129TND2462928,695
-}{5:{CHK:26668171972E}}{S:{COP:S}}