{1:F21ATLDTNTTAXXX8853742377}{4:{177:2501271648}{451:0}}{1:F01ATLDTNTTAXXX8853742377}{2:O9501649250127BCTNTNTTAVGM05454261572501271649N}{3:{113:0040}}{4:
:20:R4154453/SM
:25:00038000401202600002
:28C:4/5
:60M:C250127TND5717947,505
:61:2501270127DD200000,FBOEBCTNB0380127B087//1045365D
ATLDTNTT/RETES
:61:2501270127CD330000,FBOEBCTNB0330127B074//1045416C
BCTNTNTTVGM/VERES
:61:2501270127CD20000000,FBOEVBB-BTL-27.01.25//1045448C
WKIBTNTT/VBB
:61:2501270127DD15009987,5FBOEMM2502422503//1044867D
ATLDTNTT/VBB
:61:2501270127DD800000,FBOEFT25027P25CC//1045476D
ATLDTNTT/VBP
:61:2501270127CD997094,577FBOE17379897602601//1045512C
BCTNTNTTVGM/DVTCN
:61:2501270127DD3500000,FBOEMM2502722518//1045527D
ATLDTNTT/VBB
:61:2501270127CD13575,516FBOEFE0225012776360G//1045533C
BCTNTNTTVGM/VTCCI
:61:2501270127CD884,42FBOEFE0225012776370G//1045535C
BCTNTNTTVGM/VTCCI
:62M:C250127TND7549514,518
-}{5:{CHK:43E52CC8A038}}{S:{COP:S}}