{1:F21ATLDTNTTAXXX8855742871}{4:{177:2501291649}{451:0}}{1:F01ATLDTNTTAXXX8855742871}{2:O9501650250129BCTNTNTTAVGM05474342742501291650N}{3:{113:0040}}{4:
:20:R4165726/SM
:25:00038000401202600002
:28C:6/8
:60M:C250129TND70211739,693
:61:2501290129DD158933,925FBOE2025012910788G21//1048577D
ATLDTNTT/DDSIB
:61:2501290129CD1162167,016FBOEVIR SGMT AFH1//1048597C
BTQITNTT/VBP
:61:2501290129CD140000,FBOEBCTNB0330129B059//1048650C
BCTNTNTTVGM/VERES
:61:2501290129CD100000,FBOEBCTNB0330129B065//1048667C
BCTNTNTTVGM/VERES
:61:2501290129CD200000,FBOEBCTNB0330129B070//1048684C
BCTNTNTTVGM/VERES
:61:2501290129DD150000,FBOEFT25029LFV14//1048702D
ATLDTNTT/VBP
:61:2501290129DD142516,066FBOEFT25029HQHZ8//1048706D
ATLDTNTT/VBP
:61:2501290129DD700000,FBOEFT250292KS6L//1048710D
ATLDTNTT/VBP
:62M:C250129TND70662456,718
-}{5:{CHK:D5CF8D156EB9}}{S:{COP:S}}