{1:F21ATLDTNTTAXXX8854742634}{4:{177:2501281650}{451:0}}{1:F01ATLDTNTTAXXX8854742634}{2:O9501651250128BCTNTNTTAVGM05464301312501281651N}{3:{113:0040}}{4:
:20:R4159854/SM
:25:00038000401202600002
:28C:5/6
:60M:C250128TND27641599,774
:61:2501280128CD90000,FBOEBCTNB0330128B062//1046994C
BCTNTNTTVGM/VERES
:61:2501280128CD3500000,FBOE20250128T0000612//1047006C
TSIDTNTT/DVTCB
:61:2501280128DD700000,FBOEBCTNB0380128B105//1047014D
ATLDTNTT/RETES
:61:2501280128CD140000,FBOEBCTNB0330128B077//1047019C
BCTNTNTTVGM/VERES
:61:2501280128CD35000,FBOEBCTNB0330128B079//1047027C
BCTNTNTTVGM/VERES
:61:2501280128CD15000000,FBOEVBB-BTL-28.01.25//1047098C
WKIBTNTT/VBB
:61:2501280128CD177980,FBOE00095565038304//1047129C
BSTUTNTTINT/VBB
:61:2501280128DD17000000,FBOEMM2502822534//1047157D
ATLDTNTT/VBB
:61:2501280128DD12000000,FBOEMM2502822535//1047158D
ATLDTNTT/VBB
:62M:C250128TND16884579,774
-}{5:{CHK:38EEDC20FBA9}}{S:{COP:S}}