{1:F21ATLDTNTTAXXX8856742913}{4:{177:2501300829}{451:0}}{1:F01ATLDTNTTAXXX8856742913}{2:O9500930250130LAFBLYLTAXXX09794073302501300830N}{3:{108:EN2203710}}{4:
:20:20250129-4465
:25:0000031305
:28C:4465/1
:60F:C250128EUR784751,54
:61:2501290129CR7500000,00NLDPMM2502800005//MM2502800005    
Repayment of Principal
:61:2501290129CR541,67NLDPMM2502800005//MM2502800005    
Payment of Interest
:61:2501290129CR26,96NTRFTRA2025238//FT2502931201    
Transfer
:61:2501290129DR7500000,00NDEPMM2502900009//MM2502900009    
New Deposit
:62F:C250129EUR785320,17
:64:C250129EUR785320,17
-}{5:{CHK:37E71A44E900}}{S:{COP:S}}