{1:F21ATLDTNTTAXXX8855742646}{4:{177:2501290802}{451:0}}{1:F01ATLDTNTTAXXX8855742646}{2:O9500532250129AREBESMMAXXX00249013332501290803N}{3:{108:2502975FN229872}}{4:
:20:20250128-882
:25:3000000315
:28C:882/1
:60F:C250127EUR706572,88
:61:2501280128DR19314,93NMSCTRDIMP202550    //BNK25028HJLKDJJJ
SWIFT Payment
:61:2501280128DR19659,00NMSCTRDIMP202552    //BNK250280GMJGCML
SWIFT Payment
:61:2501280128DR3212,22NMSCTRDIMP202551    //BNK25028MFDCHGL0
SWIFT Payment
:61:2501280128DR9002,64NMSCTRD2025182      //BNK25028FMCJKJDK
SWIFT Payment
:61:2501290128CR49,15NCHGNONREF          //3000000315      
REMUNERATION
:62F:C250128EUR655433,24
:64:C250128EUR655433,24
-}{5:{CHK:084D57405D3E}{DLM:}}{S:{COP:S}}