{1:F21ATLDTNTTAXXX7821586207}{4:{177:2102161644}{451:0}}{1:F01ATLDTNTTAXXX7821586207}{2:O9501649210216BCTNTNTTAVGM94985077172102161649N}{3:{113:RTGS}{108:10070389}}{4:
:20:10070389
:25:00038000401202600002
:28C:1/2
:60F:C210216TND209389,597
:61:2102160216DD584792,038FBOESE30210216161726//10069771
BCTNTNTTVGM/DDSIB/I/1/0
:61:2102160216DD5000000,000FBOEMM2104712530//10069696
ATLDTNTT/VBB/S/4/0
:61:2102160216DD718593,420FBOESE40210216161826//10069579
BCTNTNTTVGM/DDSIB/I/1/0
:61:2102160216CD128849,851FBOESE10210216163826//10069493
BCTNTNTTVGM/DCSB2/I/1/0
:61:2102160216DD10000000,000FBOEMM2104712527//10069345
ATLDTNTT/VBB/S/4/0
:61:2102160216DD2000000,000FBOEMM2104712525//10069337
ATLDTNTT/VBB/S/4/0
:61:2102160216CD1050000,000FBOESP0121021622100G//10069248
BCTNTNTTVGM/TLOR/S/2/0
:61:2102160216CD21916,820FBOETN2BBTN210470008//10069184
CITITNTXONS/VBB/S/4/0
:61:2102160216CD1000175,000FBOETDT 129754//10068952
NOAFTNTT/VBB/S/4/0
:61:2102160216DD161786,230FBOEFT21047XYJJ2//10068871
ATLDTNTT/VBP/S/5/0
:61:2102160216DD179000,000FBOEOV/154-2020//10068859
ATLDTNTT/VBP/S/5/0
:61:2102160216CD4441,860FBOESE05210216163426//10068630
BCTNTNTTVGM/DCCDC/I/1/0
:61:2102160216DD1766,822FBOESE01210216163526//10068597
BCTNTNTTVGM/DDCDC/I/1/0
:61:2102160216CD103461,643FBOESE94210216161926//10068409
BCTNTNTTVGM/DCSMT/I/1/0
:61:2102160216DD2000000,000FBOEMM2102955478//10068175
ATLDTNTT/VBB/S/4/0
:61:2102160216CD3000520,000FBOE16022148//10068103
BNTETNTT/VBB/S/4/0
:61:2102160216CD2000000,000FBOESWAP82 21 11//10068081
TUIBTNTT/VBB/S/4/0
:62M:D210216TND13127183,739
-}{5:{CHK:3AC6D1F1D30F}}{S:{COP:S}}${1:F21ATLDTNTTAXXX7821586208}{4:{177:2102161644}{451:0}}{1:F01ATLDTNTTAXXX7821586208}{2:O9501649210216BCTNTNTTAVGM94985077182102161649N}{3:{113:RTGS}{108:10070390}}{4:
:20:10070390
:25:00038000401202600002
:28C:2/2
:60M:D210216TND13127183,739
:61:2102160216CD6001058,333FBOEMM77 21 75//10068858
TUIBTNTT/VBB/S/4/0
:61:2102160216DD50172,388FBOESE20210216161626//10067957
BCTNTNTTVGM/DDSIB/I/1/0
:61:2102160216DD2472,000FBOESE10210216161526//10067687
BCTNTNTTVGM/DDSIB/I/1/0
:61:2102160216CD500000,000FBOEFT21046C5GGS//10067369
BEITTNTT/VBP/S/5/0
:61:2102160216CD7001215,278FBOEVGM0000000112570//10067185
CFCTTNTT/VBB/S/4/0
:62F:C210216TND322445,484
:64:C210216TND322445,484
-}{5:{CHK:666A6198FD80}}{S:{COP:S}}