{1:F21ATLDTNTTAXXX7821586096}{4:{177:2102160755}{451:0}}{1:F01ATLDTNTTAXXX7821586096}{2:O9500859210216LAFBLYLTAXXX96478458502102160800N}{3:{108:EN1105016}}{4:
:20:20210215-3659
:25:0000031305
:28C:3659/1
:60F:C210214EUR3541570,31
:61:2102150215CR4523,00NTRF2021-065//FT2104636611    
OUTWARD TELEX PAYMENT
:62F:C210215EUR3546093,31
:64:C210215EUR3546093,31
-}{5:{CHK:65838F29AAA8}}{S:{COP:S}}