{1:F21ATLDTNTTAXXX8854742633}{4:{177:2501281650}{451:0}}{1:F01ATLDTNTTAXXX8854742633}{2:O9501651250128BCTNTNTTAVGM05464301302501281651N}{3:{113:0040}}{4:
:20:R4159783/SM
:25:00038000401202600002
:28C:4/6
:60M:C250128TND13583711,528
:61:2501280128DD50000,FBOEBCTNB0270128B070//1046672D
ATLDTNTT/RETES
:61:2501280128DD100000,FBOEFT250281F3PK-1//1046688D
ATLDTNTT/VBP
:61:2501280128CD823000,FBOEVRT2025000762101//1046696C
BTBKTNTTVGM/VBP
:61:2501280128DD6001331,667FBOEMM2502722514//1046706D
ATLDTNTT/VBB
:61:2501280128CD20000000,FBOETNSM50128H000132//1046837C
ATBKTNTT/VBP
:61:2501280128DD1069740,087FBOE2025012810788G21//1046869D
ATLDTNTT/DDSIB
:61:2501280128CD177980,FBOE00095565038300//1046920C
BSTUTNTTINT/VBB
:61:2501280128CD177980,FBOE00095565038299//1046924C
BSTUTNTTINT/VBB
:61:2501280128CD100000,FBOEVGM0000000145213//1046970C
CFCTTNTT/VBP
:62M:C250128TND27641599,774
-}{5:{CHK:B98EC638B7F8}}{S:{COP:S}}