{1:F21ATLDTNTTAXXX8854742618}{4:{177:2501281618}{451:0}}{1:F01ATLDTNTTAXXX8854742618}{2:O9501719250128LAFBLYLTAXXX09774064882501281619N}{3:{108:EN2202320}}{4:
:20:20250128-4588
:25:0000007943
:28C:4588/1
:60F:C250127USD3929022,14
:61:2501280128CD13500000,00NLDPMM2502700001//MM2502700001    
Repayment of Principal
:61:2501280128CD1462,50NLDPMM2502700001//MM2502700001    
Payment of Interest
:61:2501290128DD6120,00NTRFTRDIMP202524//FT2502831301    
Outward Telex Payment
:61:2501290128DD1035,00NTRFTRD2025161//FT2502831320    
Outward Telex Payment
:61:2501290128DD715,85NTRFTRDIMP202548//FT2502831321    
Outward Telex Payment
:61:2501280128CD1080,00NTRFFT2502831546//FT2502831546    
Outward Telex Payment
:61:2501280128CD1080,00NTRFFT2502831553//FT2502831553    
Outward Telex Payment
:61:2501280128DD17000000,00NDEPMM2502800004//MM2502800004    
New Deposit
:61:2501280128CD1080,00NTRFFT2502831584//FT2502831584    
Outward Telex Payment
:61:2501280128CD1080,00NTRFFT2502831557//FT2502831557    
Outward Telex Payment
:61:2501290128CD6850,00NTRFFT2502831715//FT2502831715    
Outward Telex Payment
:61:2501290128CD8780,00NTRFFT2502831716//FT2502831716    
Outward Telex Payment
:61:2501280128CD4320,00NTRFFT2502831560//FT2502831560    
Outward Telex Payment
:61:2501280128CD1080,00NTRFFT2502831565//FT2502831565    
Outward Telex Payment
:61:2501280128CD1080,00NTRFFT2502831571//FT2502831571    
Outward Telex Payment
:61:2501290128CD2630,54NTRFFT2502831718//FT2502831718    
Outward Telex Payment
:62M:C250128USD451674,33
-}{5:{CHK:1F8B2A0B42F4}}{S:{COP:S}}