{1:F21ATLDTNTTAXXX8854742399}{4:{177:2501280802}{451:0}}{1:F01ATLDTNTTAXXX8854742399}{2:O9500719250128BCTNTNTTAXXX05464265832501280803N}{4:
:20:R1209964920S2801
:25:4027 026 978
:28C:03481/001
:60F:C250124EUR63843455,89
:61:250127C143000,00NMSCFT25023832492185//L211270125204436
VRSW ORDRE 008 REF: FT250238324921
:61:250127C59095,00NMSC00303TRF25000406//L211270125204580
VRSW ORDRE 020 REF: 00303TRF250004
:61:250127C4500,00NMSCVRC20250006339  //L211270125204607
VRSW ORDRE 005 REF: VRC20250006339
:61:250127D81900,00NMSCTRD2025155      //L211270125204682
VRSW FAVEUR 007 REF: TRD2025155
:61:250127D732,00NMSCTRA2025286      //L211270125204686
VRSW FAVEUR 032 REF: TRA2025286
:61:250127D30,00NMSCTRA2025118      //L211270125204688
VRSW FAVEUR 014 REF: TRA2025118
:61:250127D68551,65NMSCCEX2024552      //L211270125206157
VRSW FAVEUR 020 REF: CEX2024552
:61:250124D63000000,00NMSCNON-REFERENCE   //L221270125206272
V/ DEPOT E. 27/01/2025 2.93
:61:250127C63015382,50NMSCNON-REFERENCE   //L221270125206272
REMB./ DEPOT E. 27/01/2025 2.93
:62F:C250127EUR63914219,74
-}{5:{CHK:809D41EFF5DF}}{S:{COP:S}}