{1:F21ATLDTNTTAXXX7817585704}{4:{177:2102110753}{451:0}}{1:F01ATLDTNTTAXXX7817585704}{2:O9500858210211LAFBLYLTAXXX96398450502102110758N}{3:{108:EN1103508}}{4:
:20:20210210-3657
:25:0000031305
:28C:3657/1
:60F:C210206EUR3559422,31
:61:2102110210CR3180,00NTRFFT2104131533//FT2104131533    
OUTWARD TELEX PAYMENT
:62F:C210210EUR3562602,31
:64:C210210EUR3559422,31
-}{5:{CHK:D0C3221E7E72}}{S:{COP:S}}